2896 5054
465 395 844 471 OLYNTHIACAM
871 396 898 469 Ι.
926 403 937 416 ‘
1128 401 1195 474 193

136 561 307 666 equidem
324 567 459 664 ignoro.
499 567 563 642 llle
575 569 618 642 ad
638 569 844 668 magistrum
863 593 980 657 suurn,
997 570 1145 670 singulis
1158 573 1195 666 in

137 669 260 754 rebus,
272 667 421 741 fideliter
433 668 645 742 imitandum
656 681 770 742 toturn
785 671 1042 768 secomposuit.
1069 672 1193 771 Itaque
1285 743 1294 760 ,

137 764 319 840 Coclitem
333 767 417 865 egit,
432 769 515 841 clun
529 768 711 870 Philippus
725 769 828 842 oculo
841 770 1027 844 damnatus
1044 786 1134 844 esset
1147 773 1191 846 ad

136 863 379 940 Methonamr
397 893 515 942 rursus
527 870 609 942 chrn
621 895 698 943 crus
713 870 882 943 oblaesurn
893 869 1018 968 regiae
1030 871 1190 946 luxatum

135 963 275 1052 fuisset,
294 967 419 1042 eodem
437 993 535 1042 crure
558 969 773 1043 claudicavit.
826 969 990 1068 Denique
1016 971 1103 1053 nihil
1128 986 1190 1044 aut
1234 973 1238 980 '

133 1065 242 1140 edere
259 1081 320 1140 aut
336 1067 454 1140 bibere
470 1067 651 1167 Philippus
665 1081 810 1167 poterat,
829 1068 922 1167 quod
941 1070 1056 1166 palato
1069 1071 1189 1168 displi-

134 1179 244 1252 ceret,
262 1167 347 1266 quin
365 1167 408 1240 ad
425 1168 534 1267 ipsius
550 1169 668 1242 vultus
685 1168 951 1242 similitudinem
978 1194 1083 1242 suum
1101 1195 1189 1268 quo·
1202 1231 1219 1244 ,

133 1289 207 1362 que
223 1263 413 1364 Clisopbus
430 1269 661 1341 contraheret.
678 1339 681 1346 ,
714 1265 861 1341 Servum
887 1293 970 1340 euru
996 1284 1121 1342 natura
1137 1270 1186 1342 le·

134 1379 242 1452 cerat,
261 1366 416 1440 adulatio
433 1367 584 1440 reddidit
599 1367 755 1440 simiam.
808 1367 1078 1466 Nonnunquam
1095 1369 1187 1442 face·

133 1463 203 1536 tias
233 1465 430 1551 affectavit3
456 1466 643 1566 aliquando
671 1467 872 1565 increpante
897 1493 980 1540 eum
1009 1469 1184 1566 Philippo,

132 1565 230 1662 qudd
249 1591 387 1663 semper
402 1553 531 1664 aliquid
545 1580 697 1662 peteret:
732 1563 863 1656 Quarti,
882 1567 1008 1664 inquit,
1022 1580 1086 1639 trra
1096 1592 1186 1665 erga

132 1687 191 1734 me
206 1662 373 1758 beneficia
390 1689 432 1736 ea
458 1664 682 1740 obliviscendi
706 1680 844 1763 tempus
858 1665 945 1737 mihi
961 1667 1185 1738 concedunt?

133 1761 248 1852 Alias,
275 1789 388 1863 quum
414 1762 596 1866 Philippus
625 1767 662 1836 in
681 1789 764 1838 eum
782 1763 906 1840 acriter
917 1767 1055 1861 jocatus
1081 1779 1184 1852 esset,

132 1859 280 1961 Apage,
292 1865 539 1962 inquit‚jocos,
550 1864 584 1936 si
595 1863 650 1936 vis
663 1863 763 1962 apud
772 1889 826 1936 me
837 1862 1049 1966 quotidiano
1059 1888 1187 1938 mamre

118 1962 193 2056 jus
208 1961 347 2036 habere.
399 1962 544 2059 [Graeca
560 1980 643 2037 sunt
660 1963 902 2060 cudaloiloci
928 1963 1028 2042 atirdr
1053 1966 1098 2040 τὲ
1122 1974 1184 2041 Φιτ

132 2061 251 2141 Matr&
269 2066 331 2142 nul
347 2065 399 2151 sv’n
429 2065 558 2160 ερὲἣος,
586 2063 675 2141 Eirrr
701 2065 761 2141 trix
791 2061 860 2163 s’yd
883 2097 932 2150 σε,
959 2061 1035 2158 ἔφη,
1051 2058 1180 2168 debitor.

132 2159 224 2254 Quae
237 2187 353 2262 neque
413 2163 628 2262 alecumpius
644 2164 825 2262 interpres,
840 2187 952 2262 neque
961 2161 1180 2250 Tourrellus,

133 2265 226 2335 recte
244 2263 349 2362 cepit.
401 2262 474 2336 Ista
490 2267 550 2342 οὐκ
565 2263 634 2361 ἐγώ
649 2297 687 2340 σε
702 2258 822 2367 ’θρέψω
839 2262 986 2362 legenda
1002 2275 1085 2336 sunt
1099 2287 1181 2336 curn

131 2359 415 2460 interrogatione,
434 2377 469 2436 et
486 2364 658 2436 sententia
671 2365 707 2436 in
722 2364 817 2436 hunc
835 2363 982 2436 modurn
998 2362 1181 2438 vertendas

132 2458 209 2533 crim
227 2459 425 2578 Philippus
441 2463 585 2536 dicterio
602 2463 865 2562 cumpetisset,
884 2487 927 2538 ac
935 2462 1108 2563 plausum
1125 2477 1182 2536 tu·

131 2558 253 2635 risset:
286 2559 379 2652 Quas
394 2577 509 2661 neget,
529 2563 655 2662 inquit,
671 2565 690 2637 d
706 2589 782 2652 rec,
808 2564 1033 2662 oequrrmjam
1049 2588 1127 2636 esse
1140 2576 1183 2636 ut

133 2657 217 2758 Ego
241 2657 294 2734 Te
308 2661 441 2735 alam?
466 2664 606 2762 quando
624 2664 758 2736 scilicet
785 2663 835 2736 ita
863 2662 947 2735 felix
971 2688 1007 2735 es
1024 2662 1061 2734 in
1079 2662 1181 2735 dictis

130 2759 286 2835 dicendis
302 2776 339 2833 et
355 2762 508 2836 ridiculis
526 2763 777 2858 excogitandis.
829 2761 1003 2866 Εὐημερεῖν
1027 2761 1180 2833 theatro·

130 2883 205 2932 rurn
222 2861 403 2960 proprium
422 2877 475 2935 est
492 2861 713 2946 vocabulum,
731 2860 775 2931 de
793 2858 836 2930 iis
853 2859 923 2932 dici
940 2859 1084 2932 solitum
1102 2859 1179 2956 qui·

130 2957 191 3033 bus
205 2961 353 3035 lavetur.
405 2961 448 3035 ln
466 2989 508 3034 eo
525 2963 629 3034 verbo
656 2959 722 3032 sita
739 2959 848 3032 totius
874 2959 1057 3032 sententiae
1072 2958 1177 3056 hujus

129 3061 288 3158 argutia:
315 3061 397 3159 quia
414 3063 453 3139 td
467 3062 625 3165 εὐημερεῖν
640 3060 678 3132 in
701 3058 856 3134 ridiculis
880 3060 1059 3158 proprium
1076 3084 1177 3157 para·

129 3157 196 3232 siti.
250 3159 344 3233 Vide
366 3159 520 3235 Cacaud.
538 3160 708 3235 Animad.
733 3160 771 3233 in
789 3157 921 3233 Athen.
940 3159 963 3232 1·.
983 3159 1029 3232 vi.
1049 3177 1080 3232 c'.
1102 3161 1177 3257 ln]

128 3255 251 3332 libera
281 3260 482 3334 istiusmodi
511 3261 731 3334 consuetudo
763 3258 968 3357 Philippum
986 3263 1173 3345 recreabat,

127 3383 234 3456 quum
253 3374 315 3433 aut
330 3361 463 3433 bellicis
477 3362 653 3434 laboribus
664 3359 878 3455 fatigaretur,
906 3371 968 3430 aut
985 3355 1200 3452 majestatis*

129 3459 324 3532 satietatem
343 3485 387 3532 ex
404 3459 524 3534 animo
541 3484 691 3558 expuere
706 3457 820 3530 vellet.

172 3557 298 3656 Atqui,
309 3559 392 3634 licet
401 3559 647 3634 assentationis
657 3582 780 3631 amans
794 3568 895 3641 esset,
909 3551 1045 3628 veritati
1054 3567 1174 3628 tamen

117 3653 217 3731 haud
242 3674 316 3732 erat
346 3657 515 3733 infensus.
566 3658 763 3744 Aristoteli,
786 3655 914 3754 saepiirs
936 3655 979 3728 de
995 3668 1069 3728 arte
1095 3678 1172 3752 reg·

126 3757 231 3830 nandi
257 3783 340 3832 curn
357 3784 400 3831 eo
417 3760 610 3847 disserenti,
634 3757 825 3856 patientem
850 3780 971 3829 aurern
1002 3755 1172 3854 praebuit3

125 3857 207 3952 quin
225 3875 263 3930 et
272 3860 467 3932 oratoribus
477 3858 754 3932 Atheniensibus
769 3856 864 3929 haud
876 3856 1099 3929 mediocriter
1110 3854 1169 3926 de·

124 3955 278 4029 vinctum
298 3984 335 4030 se
348 3958 568 4057 predicabat,
585 3958 713 4056 quippe
727 3957 787 4055 qui
804 3981 846 4028 ex
859 3951 995 4031 acribus
1012 3956 1169 4052 ipsorum

125 4057 461 4152 expostulationibus
478 4060 602 4132 melior
618 4057 835 4154 quudatenbs
851 4056 1026 4130 evasisset.
1079 4054 1168 4126 Pue-

125 4177 200 4226 rurn
218 4160 239 4230 a
256 4158 457 4232 domesticis
478 4160 645 4328 habebat}
664 4156 736 4328 uni,
754 4171 940 4254 antequam
960 4155 1069 4229 adiret
1086 4177 1168 4226 eum

623 4263 633 4292 a
