2946 5032
257 363 330 438 298
591 361 957 438 DEMOSTHENIS

257 553 389 623 tamen,
407 563 466 638 per
479 562 602 612 omnes
614 563 674 612 eos
685 536 982 636 profectblactum
993 537 1116 634 estqui
1127 533 1313 631 fugerunt.

231 691 233 700 ι
257 639 407 714 Manere
422 639 517 710 enim
533 637 689 712 licuisset
706 639 749 724 ei,
769 641 828 736 qui
846 639 932 711 alios
950 651 1100 710 accusat.
1152 635 1262 727 Quod
1281 633 1315 708 si

217 797 224 810 .
257 738 412 812 lacerent
428 737 568 834 singuli,
597 737 770 810 vicissent.
823 739 878 812 lta
898 763 994 810 nunc
1011 762 1082 809 non
1101 737 1222 809 suadet
1246 733 1315 808 ali·

259 839 338 938 quis
355 839 519 936 optima?
546 851 665 935 surgat
677 838 777 924 alius,
792 852 828 911 et
839 838 1052 912 sententiam
1065 836 1169 922 dicat,
1184 860 1256 910 non
1271 834 1316 905 il·

260 939 335 1012 lurn
363 937 579 1012 criminetur.
632 938 736 1010 Alius
763 938 935 1036 quispiam
965 937 1109 1010 meliora
1130 936 1243 1010 dicit?
1269 957 1315 1006 ca

261 1037 364 1111 facite
381 1037 448 1110 diis
469 1038 755 1134 approbantibus.
807 1040 860 1111 At
876 1064 917 1112 ea
928 1038 1086 1134 jucunda
1106 1061 1178 1109 non
1196 1035 1313 1107 runt?

262 1137 359 1210 nulla
372 1137 451 1210 haec
465 1138 611 1210 dicentis
625 1139 727 1234 culpa
739 1149 813 1210 est:
842 1139 921 1224 nisi,
938 1139 1020 1210 clnn
1034 1151 1113 1210 vota
1124 1149 1243 1210 essent
1261 1133 1313 1206 la-

262 1237 396 1322 cienda,
416 1262 487 1310 non
506 1235 633 1310 feeerit
693 1237 790 1310 Nam
808 1239 912 1336 paulo
931 1251 1113 1310 momento
1131 1233 1313 1331 temporis,

263 1337 395 1423 omnia,
412 1336 448 1409 in
466 1362 579 1410 unum
593 1352 762 1434 tanquam
778 1337 909 1412 fascem
923 1338 1096 1434 colligata,
1115 1359 1196 1434 quae
1214 1333 1314 1418 velis,

263 1451 383 1534 optare
410 1435 510 1510 facile
537 1450 610 1510 est:
639 1450 676 1510 at
702 1436 869 1536 spatiorum
897 1437 1108 1511 senteutiam
1134 1432 1313 1532 amplecti,

262 1539 344 1612 cirm
376 1537 420 1610 de
449 1536 600 1634 negotiis
630 1538 842 1611 consultatio
869 1537 1075 1623 instituitur,
1107 1562 1178 1608 non
1211 1536 1317 1632 aeque

262 1651 465 1736 promptum
491 1651 545 1710 est
556 1663 567 1722 ;
599 1638 659 1710 sed
678 1638 863 1711 utilissima
874 1638 1151 1734 jucundissimis,
1171 1635 1201 1708 si
1217 1649 1317 1706 utra·

264 1762 333 1836 que
349 1737 500 1810 obtineri
517 1750 706 1834 nequeunt,
722 1750 808 1810 sunt
823 1738 1047 1836 praelerenda

246 1877 248 1884 ·
313 1837 399 1910 Vll.
438 1837 497 1910 ΑΤ
514 1836 544 1910 si
561 1837 639 1934 quis
658 1838 863 1912 theatralem
887 1839 1072 1936 pecuniam
1091 1834 1193 1908 nobis
1211 1833 1315 1908 relin-

264 1961 371 2036 quere
396 1936 518 2033 possit,
547 1952 583 2009 et
611 1937 698 2010 alios
726 1954 890 2035 sumptus
919 1938 1103 2012 ostendere
1133 1935 1314 2020 militares,

265 2061 385 2110 nonne
400 2035 431 2110 is
448 2036 592 2134 potior?
618 2035 744 2111 dixerit
759 2038 897 2135 aliquis.
940 2036 1125 2111 Assentior
1141 2034 1320 2132 equidem,
1366 2115 1369 2122 ,

267 2137 296 2212 si
313 2137 392 2236 quis
409 2137 455 2210 sit
471 2134 533 2236 qui
548 2135 613 2210 doc
626 2136 771 2235 ficerat,
789 2137 1047 2227 Athenienses.
1099 2135 1171 2210 Sed
1197 2135 1317 2219 miror,

267 2237 297 2312 si
310 2237 368 2311 cui
382 2237 584 2312 mortalium
599 2262 757 2336 unquam
770 2237 970 2324 antevenit,
992 2251 1056 2311 aut
1068 2237 1215 2322 eveniet,
1233 2236 1318 2308 curn

268 2363 321 2422 es,
336 2363 416 2434 quae
428 2337 544 2423 habet,
561 2337 597 2409 in
607 2363 660 2413 res
676 2346 944 2437 supervacaneas
959 2337 1197 2436 insumpserit,
1212 2351 1253 2408 ut
1265 2336 1320 2421 iis,

268 2461 347 2535 quae
366 2461 437 2508 uon
450 2437 567 2521 babet,
582 2437 626 2509 ad
639 2463 693 2510 res
705 2440 915 2512 necessarias
933 2439 1099 2511 abundet.
1137 2435 1208 2510 Sed
1222 2461 1320 2532 mag·

269 2561 356 2610 num
383 2534 459 2610 istis
483 2535 687 2622 rationibus,
714 2563 757 2610 ex
779 2539 1054 2637 uniuscujusque
1072 2537 1251 2611 voluntate
1268 2536 1322 2608 ni-

269 2637 413 2722 mirum,
429 2635 630 2733 praesidium
643 2651 709 2710 est.
737 2637 856 2730 Quare
870 2639 1033 2712 omnium
1045 2653 1099 2712 est
1111 2638 1321 2712 facillimum

271 2738 424 2836 seipsum
442 2737 613 2834 decipere.
666 2738 775 2829 Quod
792 2739 887 2812 enim
902 2740 1048 2838 quisque
1062 2739 1146 2824 vult,
1162 2739 1199 2812 id
1212 2739 1319 2811 etiam

272 2839 338 2924 sibi
355 2836 470 2934 fingit.
524 2836 626 2935 Saep'e
642 2853 761 2912 autem
779 2854 904 2912 natura
920 2864 1036 2912 return
1054 2840 1202 2912 aliaest.

321 2937 426 3012 VIII.
454 2935 539 3010 Ista
555 2939 664 3036 igitur
679 2939 730 3012 ita
746 2940 974 3026 considerate,
991 2954 1033 3012 ut
1049 2963 1103 3011 res
1122 2940 1319 3036 patiunturr

273 3051 351 3114 turn
363 3052 397 3109 et
408 3036 557 3110 militare
568 3038 738 3135 poteritis,
751 3053 787 3110 et
796 3039 1011 3137 stipendium
1023 3040 1208 3112 habebitis.
1236 3039 1321 3112 Non

274 3138 358 3214 sane
375 3135 613 3231 prudentium,
638 3161 749 3234 neque
765 3163 1027 3234 generosomm
1051 3140 1239 3211 hominum
1257 3151 1320 3223 est,

274 3235 426 3322 omissis,
445 3237 491 3307 ob
508 3235 666 3332 pecuniae
683 3238 851 3336 inopiam,
872 3240 1080 3314 militaribus
1097 3239 1232 3326 officiis,
1257 3239 1322 3311 hu-

269 3336 426 3433 jusmodi
444 3335 614 3411 dedecora
627 3335 731 3412 facile
743 3340 886 3438 perpeti,
906 3357 967 3412 aut
980 3354 1102 3413 contra
1119 3337 1322 3414 Corinthios

274 3437 417 3536 quidem
430 3450 466 3516 et
478 3435 719 3534 Megarenses,
733 3441 877 3538 arreptis
888 3440 1009 3526 armis,
1030 3440 1218 3538 proficisci:
1242 3438 1322 3512 Phi·
1438 3523 1442 3532 Ι

274 3538 371 3637 lippo
387 3551 505 3614 autem
525 3529 671 3613 Graiciae
697 3539 854 3612 civitates
882 3540 1092 3638 diripiendas
1118 3540 1321 3637 relinquere,

159 3671 160 3678 ¹
276 3652 416 3736 propter
443 3637 598 3734 inopiam
615 3645 849 3726 commeatrls,
876 3665 947 3738 quo
964 3641 1134 3714 exercitus
1152 3653 1322 3713 sustente-

277 3754 346 3812 tur.
408 3736 528 3834 Atque
544 3738 619 3812 haec
635 3763 708 3810 non
725 3741 990 3813 temeratione
1006 3725 1155 3826 baisui,
1181 3755 1222 3812 ut
1238 3763 1321 3839 quo·

276 3837 426 3912 rundam
439 3839 460 3910 e
473 3838 569 3910 vobis
587 3837 708 3911 odium
726 3839 914 3937 suspiciam
935 3841 1176 3938 (nequeenim
1194 3842 1245 3914 ita
1266 3841 1322 3912 de·

159 3989 168 4006 .
278 3963 379 4011 mens
405 3954 466 4010 aut
483 3936 603 4010 infelix
618 3963 686 4034 ego
703 3965 796 4029 sum,
823 3954 875 4027 ut,
903 3953 984 4022 cum
1003 3941 1100 4014 nulla
1117 3966 1179 4038 spe
1197 3938 1323 4039 publici

278 4037 426 4125 fructus,
445 4037 617 4134 privatum
631 4039 720 4112 mihi
737 4041 858 4115 odium
876 4045 1044 4140 quaeram)
1064 4041 1125 4114 sed
1142 4042 1228 4114 boni
1243 4041 1325 4114 civis

176 4236 182 4247 Ι
277 4164 352 4250 esse
360 4139 460 4225 duco,
473 4139 673 4237 reipublicae
683 4141 1005 4216 salutemurationis
1010 4141 1324 4245 jucunditatiante·
