2902 5044
249 387 322 464 cst
579 381 966 497 Anaoucuuuu.

248 559 392 636 amtor.
422 555 552 657 Itaque
566 556 745 632 absentem
760 557 859 632 nacti
876 554 1097 657 Philippum,
1110 551 1307 656 missisque

251 662 303 734 ad
314 655 553 734 Athenienses
562 656 899 830 kgotmssmmam
916 655 1010 730 illicit
1022 681 1103 730 cum
1115 654 1162 728 iis
1170 681 1303 756 pacem

251 761 439 860 conseclre.
489 755 675 832 Reuersus
730 757 889 860 ltilurpus
903 782 963 830 eos
971 755 1128 856 perjurii
1143 770 1301 871 incusat,

250 861 380 1034 gpltppe
390 858 453 958 qui
468 873 628 931 mutuam
638 857 839 956 pactionem
854 855 1058 943 oioldssent,
1073 853 1156 956 qul,
1172 855 1253 930 mim
1263 880 1302 928 m

305 959 338 1032 lo
356 957 431 1032 tunt
447 958 485 1031 in
491 985 595 1058 pace,
614 983 692 1032 cum
705 957 782 1058 ipso
796 959 1008 1053 conjunctim
1022 981 1132 1054 cgere
1141 970 1301 1028 tenerem·
1357 960 1378 988 *

129 1049 135 1060 ’
250 1074 333 1148 tur;
349 1053 1301 1158 ruinasdeindlfiuc'tislcostilibusinsecutusest,lusu·

250 1159 414 1258 quefidei
425 1158 632 1233 ulciscendae
642 1172 820 1256 pretenta
839 1155 1029 1256 Olynthios
1041 1153 1223 1229 obsidione
1231 1156 1302 1228 cin·

246 1257 317 1358 git.
372 1257 419 1345 Ii,
437 1257 548 1332 simul
557 1274 663 1357 atque
678 1258 902 1354 ingruentem
906 1255 1103 1356 procellam
1112 1255 1299 1338 sentirent.

251 1359 303 1432 cd
307 1357 545 1431 Atltenienses
553 1359 676 1430 statim
687 1356 889 1454 confugere,
901 1371 1008 1456 utque
1024 1355 1164 1430 aunilic
1181 1355 1300 1429 celeti-

252 1455 493 1532 tlrmittcrent
509 1457 670 1532 orabant.
725 1456 872 1555 Legati,
878 1471 991 1555 prout
1005 1480 1082 1528 noos
1093 1470 1185 1542 erat,
1199 1481 1300 1530 man·

252 1558 338 1631 data
355 1583 424 1632 sita
441 1557 479 1629 in
497 1557 646 1630 comitiis
664 1555 806 1656 Populo
822 1556 1052 1657 enptutebant,
1067 1581 1170 1656 quem
1185 1555 1301 1628 solum

245 1659 357 1755 peotes
381 1673 459 1732 erat
486 1672 549 1730 aut
576 1657 799 1755 comprobare
816 1656 1042 1756 postulatum
1067 1670 1132 1728 aut
1156 1656 1297 1754 repudi·

250 1783 325 1831 erc.
380 1756 453 1830 Ilei
467 1773 676 1830 momentum
693 1758 735 1830 dc
774 1771 907 1830 uoerot
916 1755 1180 1829 deliberandum
1189 1755 1302 1852 fficit

250 1857 616 1957 ulftequentissimus
631 1871 722 1930 essct
746 1784 939 1930 iratorum
956 1879 1160 1932 concursus.
1202 1853 1301 1954 Sug-

245 1973 391 2057 gestum
416 1957 538 2030 ordine
563 1955 848 2045 cmucendebant,
869 1981 1006 2057 proque
1020 1955 1137 2030 atatis
1161 1955 1303 2030 ratione

249 2056 461 2132 sententium
476 2057 594 2131 serius
610 2072 674 2131 aut
698 2055 807 2156 ocyus
823 2055 994 2131 dicebant.
1041 2054 1304 2130 Demosthenes

251 2175 359 2256 quum
377 2156 529 2256 triginta
550 2158 687 2231 tantum
704 2171 738 2230 et
763 2171 917 2256 quatuor
933 2181 1048 2230 annos
1062 2171 1174 2230 natus
1196 2171 1301 2244 esset,

250 2281 323 2330 non
338 2256 411 2330 nisi
418 2271 506 2356 post
517 2282 618 2330 senes
631 2257 723 2344 illas,
735 2256 863 2356 quibus
879 2283 920 2331 ea
936 2282 996 2330 res
1008 2256 1208 2356 diuficerat
1220 2257 1303 2355 agi·

249 2371 340 2441 tcta,
359 2357 552 2431 orationem
568 2357 684 2432 labet.
741 2355 871 2457 Itaque
895 2355 1000 2457 quasi
1016 2357 1060 2430 de
1073 2381 1163 2430 nouo
1181 2356 1303 2456 aliquo

250 2455 391 2553 negotio
408 2454 508 2529 laud
517 2456 740 2558 uerlasocit,
758 2483 822 2530 nec
834 2457 876 2530 de
893 2456 1019 2557 quasit
1036 2455 1304 2532 deliberandum

250 2555 416 2653 opponit}
443 2557 574 2643 uerum,
593 2555 639 2628 iis
664 2571 834 2656 tanquam
850 2557 913 2658 qui
937 2557 980 2632 de
1003 2583 1042 2630 eo
1066 2556 1160 2636 satis
1184 2563 1303 2631 'essent

250 2654 391 2743 etrcditi,
419 2654 558 2730 tanticm
583 2655 672 2774 quid
703 2657 885 2730 decernere
919 2671 1078 2757 oporteat
1113 2657 1275 2732 declarat
1287 2688 1303 2746 ;

250 2755 447 2857 calidusque
471 2757 655 2831 consilium
683 2783 789 2831 suum
813 2755 1012 2832 rationibus
1039 2757 1234 2852 confirmat,
1263 2757 1302 2832 in

250 2855 379 2957 quilius
389 2883 461 2932 nort
470 2856 589 2931 minus
602 2858 693 2931 inest
703 2856 1102 2932 ortissuasubtilitatis
1114 2872 1222 2958 atque
1232 2856 1301 2932 ele-

192 2943 198 2964 ⁸
246 2957 393 3056 gantis,
406 2957 509 3057 quiom
521 2957 730 3031 aelementis
738 2958 853 3056 ipsius
862 2957 999 3057 ingenii
1007 2956 1169 3058 impetus.
1206 2957 1301 3034 Ora·

190 3075 194 3082 ·
251 3071 308 3127 tor
329 3055 454 3154 igitur,
473 3057 542 3156 quio
558 3056 684 3132 nulius
697 3058 811 3151 finem
829 3058 1055 3157 propositam
1072 3073 1300 3158 assequatur,

251 3155 401 3227 alternis
417 3169 585 3228 terrorem
598 3156 724 3230 incutit
740 3157 944 3258 animosque
959 3157 1059 3232 addit
1067 3156 1302 3232 Atheniensi-

251 3253 328 3328 lus.
389 3254 496 3344 Quod
504 3257 642 3356 quidem
654 3272 728 3332 tam
741 3256 915 3333 industrii
924 3285 967 3331 ac
973 3256 1089 3357 periti
1100 3273 1244 3345 tractat,
1259 3274 1301 3332 ut

250 3381 361 3456 neque
377 3381 437 3430 eos
462 3355 500 3430 in
520 3357 796 3458 desperationem
816 3358 984 3458 impellat,
1002 3385 1066 3432 nec
1081 3358 1229 3434 ninnium
1253 3359 1301 3432 iis

210 3451 218 3474 ‘
250 3456 375 3530 encitet
392 3458 646 3586 confidentiam,
664 3461 730 3532 sed
742 3458 969 3557 neutrubique
985 3459 1036 3532 ad
1057 3472 1216 3534 entrerna
1238 3483 1299 3534 en·

251 3582 408 3642 currum,
424 3583 502 3630 mern
514 3557 652 3632 timoris
664 3557 889 3654 tumfiducia
901 3584 1031 3632 camus
1042 3557 1165 3634 solerti
1177 3560 1298 3636 admo·

250 3655 333 3730 lum
350 3672 619 3754 temperamento
636 3657 827 3732 interteoit.
883 3657 1080 3758 Propterea
1098 3660 1190 3744 duas
1208 3658 1297 3732 Pu·-

250 3755 350 3928 tffi,
369 3783 498 3856 easque
512 3755 614 3831 oaldi
630 3757 800 3844 diuersas,
815 3758 991 3856 imagines
1000 3759 1043 3833 ob
1056 3759 1297 3858 ocndosponit.

297 3856 428 3930 docum
438 3857 669 3944 ambitiosum,
682 3873 923 3957 arrogantern,
936 3859 1096 3933 omnibus
1105 3859 1297 3934 occasioni-

190 3991 193 3998 ·
250 3955 318 4028 bus
332 3956 515 4044 intentum,
528 3957 616 4030 bella
632 3957 858 4057 indefessum,
874 3959 1098 4058 intrepidum,
1111 3959 1273 4059 depingit
1281 3991 1294 4042 ‚-

237 4055 1297 4159 ¹mnnia‘nonminusanrosubruentern,quimenpugnontem

191 4241 193 4246 ,
250 4159 357 4246 ferro,
384 4156 562 4256 nullisque
586 4184 657 4230 non
683 4157 875 4233 obstamlis
899 4160 1114 4268 sinceriorem
1127 4191 1142 4244 ;
1177 4185 1295 4256 regem
