2896 5054
456 400 783 482 PHILIPPICAM
809 403 838 478 1.
1101 403 1163 476 141

110 589 250 674 perator
267 575 347 663 luit,
368 576 459 651 inter
474 577 625 654 illustres
643 578 734 652 viros
752 604 844 655 unus
870 582 891 654 h
909 577 1075 652 Cornelio
1092 579 1166 654 Ne·
1228 666 1231 672 ¹

111 693 189 772 pote
207 677 430 768 celebratos,
458 678 552 753 idem
571 679 606 752 in
625 678 719 753 bello
744 677 974 754 Corinthiaco
999 679 1165 779 Iphicrati

110 778 292 852 successit.
322 775 433 854 Idem.

155 874 201 949 P.
223 877 270 957 17
274 937 281 952 .
294 877 318 950 l.
333 880 382 952 23
396 893 431 951 et
442 905 515 977 seq.
532 883 762 983 Πολύςρατος]
783 879 1002 967 Tourrcllus,
1017 879 1164 956 Suidarn

111 991 268 1063 secutus,
296 979 391 1052 male
412 980 506 1078 cepit
532 979 820 1078 Harpocrationis
847 994 1016 1054 mentem.
1069 980 1163 1054 Mihi

114 1077 261 1174 quidem
269 1082 365 1152 recte
381 1104 418 1152 se
432 1079 559 1153 habere
573 1095 712 1180 recepta
729 1081 832 1154 lectio
844 1081 988 1154 videtur.
1029 1081 1163 1154 Demo-

111 1175 256 1250 sthenes
270 1177 308 1251 in
322 1176 424 1252 Orat.
435 1183 507 1282 περὶ
516 1180 683 1271 α’τελείας,
696 1208 731 1280 p.
742 1181 962 1256 tetrarum
977 1181 1164 1280 Polystrati
1301 1259 1307 1270 .

112 1277 335 1352 mentionem
354 1278 446 1365 lecit,
465 1281 571 1378 idque
600 1283 719 1367 etiarn,
739 1307 782 1354 ex
808 1307 879 1381 quo
904 1283 1057 1357 eundem
1075 1309 1161 1369 esse,

110 1375 244 1476 dequo
262 1379 332 1466 bic,
352 1380 516 1454 credibile
533 1380 589 1468 sit,
608 1382 652 1455 de
662 1381 836 1480 Iphicrate
848 1396 884 1455 ct
897 1381 1050 1456 Chabrit
1067 1383 1162 1456 locu·

111 1489 188 1549 lus:
218 1477 372 1584 τιμῶντές
389 1514 470 1557 ποτε
491 1481 693 1585 Ἰφικράτην,
713 1483 735 1558 ε’
752 1483 848 1588 μόνον
860 1479 958 1560 oriris
966 1480 1162 1592 ἐτιμήσατε,

109 1575 214 1656 sixto?
232 1584 291 1658 ml
309 1579 348 1658 δι’
365 1579 475 1658 ἐκεῖνον
492 1580 678 1683 {reddam
697 1582 755 1660 real
773 1580 1019 1686 Πολύστρατον.
1060 1584 1162 1681 Poly-

113 1689 232 1775 tropus
267 1681 634 1769 Lacedaemoniorum,
670 1707 741 1756 non
775 1682 1063 1770 Atheniensium,
1091 1686 1164 1759 dux

112 1774 203 1866 luit3
231 1793 271 1855 ut
288 1805 331 1854 ex
347 1781 507 1856 Diodoro
535 1798 640 1881 patet,
659 1783 719 1856 lib.
739 1809 795 1857 xv.
814 1809 848 1880 p.
866 1782 953 1856 489.
982 1783 1048 1858 Ed.
1075 1782 1160 1856 Hu-

114 1901 191 1952 nno.
213 1879 306 1955 Vrde
323 1880 495 1956 Mausos.
516 1884 559 1956 ad
577 1883 733 1983 Harpoc.

159 1978 200 2052 P.
222 1981 278 2054 18.
294 1981 319 2054 l.
334 1983 369 2054 2.
396 1981 468 2061 Kal
480 1981 614 2158 ἆλλοιὶ
621 1985 676 2057 Ex
686 1984 728 2057 iis
742 1985 817 2057 aliis
832 2008 924 2055 unus
938 1982 1006 2054 luit
1025 1983 1163 2058 Callias·

114 2075 324 2179 Istppunia',
342 2097 383 2155 ut
399 2107 443 2154 ex
458 2083 590 2185 Xenop
616 2099 699 2158 onte
710 2084 879 2158 discimus
892 2083 953 2155 lib.
969 2083 1011 2156 iv.
1040 2083 1162 2157 Helle·

112 2177 283 2256 nieorum.
313 2180 530 2258 Parmos.
1158 2185 1161 2192 ’

158 2279 212 2356 lb.
230 2284 253 2356 l.
269 2287 292 2354 5
311 2297 433 2381 etseq.
476 2285 539 2386 Ἐξ
553 2285 578 2362 ἔ
594 2286 620 2363 δ’
639 2285 729 2366 edroi
754 2285 829 2362 καθ’
855 2284 946 2364 adrui
971 2286 1016 2364 ra*
1031 2287 1164 2385 ξενικαζ

111 2413 141 2457 κ.
153 2417 184 2459 τ.
199 2379 257 2484 λ]
275 2382 483 2457 Plutarchus
498 2387 533 2457 in
549 2388 619 2461 vitai
632 2385 833 2472 Phocionis,
851 2387 976 2460 eodem
995 2386 1067 2462 fere
1082 2415 1160 2474 nro,-

111 2480 154 2554 do
169 2483 350 2557 effraenem
366 2481 640 2560 Atheniensium
658 2487 877 2564 exercituum
900 2487 1079 2562 licentiam
1103 2515 1161 2562 ex·

110 2583 227 2680 agitat.
262 2583 483 2658 Tourrellus.

159 2683 212 2760 lb.
231 2684 255 2757 l.
273 2685 308 2758 9.
331 2686 416 2788 Πρδς
430 2683 661 2791 Ἀρτοὲζαζον]
677 2688 913 2762 Athenienses
924 2713 1003 2762 com
1015 2715 1094 2786 quae
1105 2689 1158 2760 in·
1192 2699 1201 2706 '

112 2795 161 2856 ter
174 2786 304 2860 milites
314 2801 487 2872 suostum
502 2789 672 2886 regnabat
681 2788 859 2860 licentiam
869 2788 974 2883 paulo
984 2791 1067 2859 ante
1076 2802 1161 2860 sunt

114 2887 253 2984 experti.
282 2885 469 2960 Charetem
489 2887 625 2985 ingenti
637 2886 1049 2983 praelecerantexercitui,
1057 2886 1161 2983 eique

113 2983 146 3056 io
164 2988 340 3062 mandatis
362 2988 541 3075 dederant,
561 3001 600 3059 ut
613 2987 839 3084 Byzantinos,
858 2985 965 3073 Coos,
984 2986 1157 3074 Rhodius,

114 3081 289 3187 Chiosque
303 3087 364 3186 qui
378 3091 423 3160 ab
439 3089 481 3162 iis
499 3088 713 3175 defecerant,
723 3079 771 3162 'ad
788 3090 945 3162 officium
964 3089 1155 3162 reduceret.

113 3181 226 3283 Hujus
237 3188 395 3287 prolecth
406 3189 637 3288 expeditionis
648 3189 784 3263 felicem
800 3189 872 3262 lore
885 3191 1019 3264 exitum
1032 3191 1159 3266 merith

113 3302 181 3362 etat
195 3315 259 3363 cur
276 3305 465 3388 sperarent,
486 3292 593 3364 modh
619 3290 815 3387 magnificis
845 3291 1159 3387 pollicitationibus

114 3383 285 3476 Artabazi,
303 3390 440 3464 rebellis
456 3391 492 3463 in
512 3391 599 3464 Asial
614 3390 742 3462 minori
761 3388 928 3484 Satrapae,
953 3415 1157 3486 responsare

114 3490 272 3564 valuisset
288 3491 446 3588 ipsorum
459 3491 664 3589 Imperator.
693 3485 935 3586 HicSatrapa,
959 3490 1158 3586 septuagies

114 3590 203 3664 mille
222 3589 396 3666 militibus
410 3593 672 3677 circumsessus,
679 3591 836 3686 jamque,
852 3589 940 3663 adeh
953 3589 1067 3687 impar
1083 3603 1157 3660 erat
1176 3663 1181 3676 ,

114 3689 249 3778 viribus,
268 3691 363 3766 hosti
379 3717 550 3778 cessurus,
576 3690 776 3776 Charetem,
792 3690 852 3789 qui
879 3688 1157 3764 Atheniensibus

114 3793 215 3888 copiis
229 3793 266 3864 in
286 3793 519 3892 Hellesponto
542 3793 745 3889 imperabat,
775 3792 925 3890 pellexit.
980 3790 1157 3866 Artabazo
1291 3875 1295 3886 Ι

113 3893 278 3966 auxilium
294 3893 376 3967 tulit
385 3893 529 3979 Chares,
544 3893 673 3990 illoque
687 3892 880 3990 apericulis
893 3892 1055 3988 expedito
1066 3914 1156 3964 rner-

113 3993 230 4068 oedem
248 3994 418 4068 beneficio
437 4019 555 4093 parem
586 3994 730 4091 accepit.
784 3993 825 4066 Id
842 3990 1007 4066 Charetis
1021 3990 1153 4065 facturn

115 4115 173 4186 pro
189 4093 331 4192 capitali
344 4095 490 4170 crirrriue
508 4094 724 4180 lrabebatur;
749 4093 879 4192 quippe
891 4092 986 4191 qudd
1003 4117 1073 4164 non
1101 4117 1156 4164 so·

113 4187 184 4266 lim
203 4196 370 4294 neglectis
387 4195 604 4295 Reipublicae
625 4195 775 4292 negotiis
801 4193 983 4292 peregrino
1011 4221 1047 4266 se
1065 4192 1157 4266 bello
