2902 5044
409 339 789 418 otmunmoau
815 342 864 417 11.
967 443 971 454 ¹
1089 341 1157 416 εει
1220 365 1233 394 2

26 555 28 598 e
118 515 338 590 amaea
354 513 547 590 Ronanaa*
560 515 695 602 dioitco,
710 518 774 590 &a
817 517 871 590 De
882 515 1082 591 istiusmodi
1096 515 1160 590 ho-

118 616 267 690 minibus
285 617 364 690 vide
379 613 567 714 Arittoplt.
590 617 628 687 in
647 615 749 689 Plut.
766 629 802 688 et
817 617 905 696 aiibi¹
918 617 1059 714 passim.

163 715 204 788 Ρ.
217 715 280 796 78.
300 716 421 792 Schol.
439 717 463 788 l.
484 718 539 788 12.
592 713 806 818 ἘκτῆσανΊο]
837 743 881 790 ex
902 714 1028 811 Wolfii
1044 730 1162 790 mente

26 875 27 880 ,
119 818 251 988 reposui
266 813 491 912 inservientia,
509 815 603 914 quod
616 816 723 888 etiam
737 816 910 889 sententia
923 815 1071 891 omnind
1082 841 1162 916 pos·

119 927 154 988 tu
188 930 212 989 t
818 945 822 956 ’

163 1015 203 1090 P.
214 1015 275 1090 80.
291 1013 318 1088 l.
331 1018 366 1089 2.
394 1013 523 1110 Battus]
559 1013 658 1088 ΡίίΙι.
677 1029 713 1088 et
730 1013 825 1090 Bett.
844 1021 886 1108 β.
906 1054 943 1118 y.
961 1015 1158 1124 βοηδρᾶμια·

118 1114 206 1212 quod
220 1116 278 1188 htc
290 1115 363 1212 legi
375 1116 483 1188 etiam
498 1113 708 1188 Sch'oliastes
722 1117 836 1190 docet.
879 1115 1018 1214 inepte,
1035 1117 1161 1215 siquid

119 1219 273 1314 uaqudm.
326 1215 472 1288 Etenim
492 1240 598 1314 quem
624 1215 684 1286 hio
705 1239 849 1289 sensum
873 1215 988 1289 elicies
1011 1229 1055 1289 ex
1068 1241 1161 1289 uoce

117 1315 195 1404 βοηδ
218 1315 318 1424 ‘pm
348 1315 398 1388 Et
413 1316 593 1413 quomodd
609 1314 736 1387 dixeris
752 1316 935 1420 βοηδρὸμια
953 1313 1159 1426 tripedaneam

117 1412 157 1486 In
208 1431 273 1490 rat.
285 1417 330 1489 de
340 1414 430 1514 Rep.
443 1413 530 1487 Ord.
545 1416 608 1487 ubi
625 1413 788 1504 totahaec
802 1417 1016 1514 comparatio
1030 1417 1159 1490 iterum

117 1516 275 1602 occurrit,
293 1515 422 1612 legitur
437 1515 601 1612 ἆγαπᾶτε
615 1511 656 1592 ἄν
671 1549 703 1591 τε
721 1516 814 1592 αὐτοὶ
829 1515 1044 1620 μεταδιδῶσι,
1064 1534 1160 1621 λαμ·

116 1611 277 1702 ξαίνοντες.
330 1614 434 1699 Vide,
452 1613 481 1686 si
498 1628 606 1701 vacet,
624 1639 710 1711 quas
729 1639 840 1712 nugas
857 1629 939 1712 agat
955 1613 1161 1702 Mamaeam

116 1713 157 1786 ad
170 1713 499 1813 Harpocrationem,
518 1739 548 1787 v.
568 1711 762 1816 Βοηδρόμια.

162 1813 216 1886 Ib.
241 1814 266 1885 l.
283 1816 322 1884 4.
375 1811 479 1915 Χάριν
501 1815 752 1914 προσοφείλετε]
804 1814 877 1886 Htc
896 1814 979 1913 πρός
994 1812 1159 1887 εεῐκειίτνὸ

121 1912 203 2005 (sive
214 1910 389 2012 imupdr),
401 1913 492 1986 sicut
505 1913 592 1987 dixit
606 1911 738 1986 Liviam
750 1913 810 1987 lib.
824 1940 855 1987 v.
875 1939 906 1986 c.
922 1911 981 1992 37.
1010 1911 1161 1986 Interim

125 2011 232 2098 Galli,
248 2011 625 2112 postqudmaocbpdre,
638 2011 1158 2086 altrttonoremtabitamvio-

118 2111 564 2209 urminajuristamani.
605 2113 646 2187 Id
660 2127 725 2200 est,
737 2115 1159 2213 praeterququuddpoe·

119 2235 177 2286 naa
193 2237 266 2286 non
284 2212 465 2302 dederunt,
483 2213 626 2311 iusuper
642 2212 815 2286 honorem
832 2213 1005 2286 habitum.
1035 2241 1040 2250 ·

164 2311 218 2386 ib.
238 2313 262 2386 l.
277 2314 315 2386 5.
341 2309 558 2412 Ἐπᾶγεσεν]
587 2310 689 2385 ΡὶἱΙι.
709 2327 745 2386 et
761 2310 857 2388 Ben.
874 2348 906 2404 η.
925 2310 1117 2413 deotpato.

164 2410 217 2486 lb.
231 2413 257 2486 l.
268 2412 306 2491 7.
324 2409 407 2494 'Eat
422 2413 449 2490 δ’
461 2410 592 2490 tidiuoa'
605 2412 716 2517 οἶμαι]
749 2413 930 2506 ’Amidae-15
940 2415 982 2521 τῇ
994 2413 1161 2499 cinnami

120 2509 171 2602 υἷε
193 2510 333 2604 λεοντῆν.
386 2509 456 2586 Sed
473 2513 582 2610 quaeri
603 2514 725 2612 possit,
752 2514 822 2586 utri
845 2516 959 2612 magis
976 2488 1162 2587 accusandi

121 2612 207 2686 nint:
234 2611 307 2686 iine
322 2611 384 2711 qni
401 2611 552 2685 ferocem
578 2613 761 2710 populum,
786 2612 934 2686 efferatis
953 2617 1013 2708 (ut
1030 2609 1163 2706 Liuiam

121 2711 180 2804 ait)
195 2712 322 2786 militia
333 2712 475 2797 animia,
490 2711 726 2806 mitigandum
739 2735 918 2783 armorum
933 2709 1162 2783 desuetudine

120 2812 296 2891 ratisunt:
322 2837 367 2884 an
381 2812 441 2910 qui
454 2811 617 2895 eundem,
629 2811 705 2905 jam
722 2809 903 2882 imbellem
916 2821 952 2881 et
965 2807 1160 2880 effoemina·

123 2925 205 2998 tum,
215 2927 253 2985 et
262 2927 531 3010 repugnantem,
540 2911 583 2982 ad
591 2910 713 2982 eadem
728 2909 935 2982 resumenda
945 2905 1162 2981 ineitdrunt?

123 3009 281 3110 Dignitas
298 3011 437 3110 imperii
450 3010 613 3110 praeclara
629 3014 713 3084 sane
731 3035 784 3084 res
797 3025 862 3097 est,
881 3009 911 3083 si
924 3009 971 3083 sis
984 3023 1021 3082 et
1032 3007 1161 3107 dignus

124 3125 155 3182 et
176 3137 238 3210 par
261 3111 416 3208 gerendo
439 3111 640 3210 tuendoque
660 3110 830 3209 imperio:
858 3111 912 3183 sin
939 3109 1068 3195 minus,
1094 3109 1169 3184 alia

123 3211 237 3284 omnia
258 3225 295 3284 et
316 3210 475 3284 iacienda
496 3224 532 3283 et
553 3210 706 3284 ferenda.
760 3211 820 3283 ste
831 3211 942 3283 sensit
962 3210 1162 3295 AEschtnes,

124 3335 181 3386 oea
197 3310 362 3384 dissensit
376 3309 568 3383 leocrates:
595 3310 688 3382 hanc
701 3307 911 3381 sententiam
928 3323 1072 3379 eventus
1089 3308 1164 3406 ipae

124 3410 368 3510 comprobavit,
387 3411 485 3484 testis
501 3408 638 3508 gravior
649 3412 757 3507 quam
770 3405 892 3503 judex.
924 3403 1093 3499 Wolfino.

168 3509 219 3585 lb.
232 3511 258 3584 l.
271 3508 307 3589 7.
317 3524 354 3584 et
363 3510 400 3583 8.
428 3507 540 3608 Μέγα
553 3512 612 3587 καὶ
625 3506 802 3608 νεανεκδνφ
819 3503 920 3609 impu
934 3503 1067 3601 aaCsTv]
1091 3503 1163 3578 Ve-

124 3611 255 3686 tissima
263 3609 450 3684 sententia.
471 3609 627 3682 Minutae
637 3624 672 3683 et
682 3540 894 3707 scrupuioeae
903 3605 1163 3703 actionesquasi

125 3711 367 3786 comminuunt
379 3724 415 3784 et
430 3710 632 3806 discerpunt
647 3708 796 3794 animos,
814 3719 851 3780 et
862 3706 963 3780 humi
980 3705 1161 3802 abjiciunt.

125 3808 263 3909 Magnae
274 3825 395 3884 autem
409 3835 461 3886 res
474 3809 616 3882 eosdem
630 3809 772 3906 erigunt
781 3821 817 3880 et
829 3807 988 3880 dilatant.
1017 3803 1076 3878 Sic
1086 3803 1162 3878 cie.

125 3908 400 4008 ide0ffioap.4.:
422 3904 1160 4003 Qnoeoura(defendendietjuvandiplures)

126 4009 312 4094 πενθεῖται
324 4009 429 4083 etiam
442 4007 590 4092 animos,
607 4021 642 4080 et
657 4007 810 4104 mczy'orea
822 4006 873 4079 nd
885 4031 959 4078 rem
966 4003 1161 4101 gerendam

116 4107 216 4202 satit.
270 4107 371 4184 Idem
388 4110 512 4206 eodem
530 4107 624 4279 librp
635 4121 742 4278 piegat
756 4106 1036 4204 magnitudinem
1050 4104 1159 4178 animi
