<?xml version="1.0" encoding="UTF-8"?>
<!DOCTYPE html PUBLIC "-//W3C//DTD XHTML 1.0 Transitional//EN"
    "http://www.w3.org/TR/xhtml1/DTD/xhtml1-transitional.dtd">
<html xmlns="http://www.w3.org/1999/xhtml" xml:lang="en" lang="en">
 <head>
  <title>
</title>
<meta http-equiv="Content-Type" content="text/html;charset=utf-8" />
  <meta name='ocr-system' content='tesseract 3.04.00' />
  <meta name='ocr-capabilities' content='ocr_page ocr_carea ocr_par ocr_line ocrx_word'/>
</head>
<body>
  <div class='ocr_page' id='page_1' title='image "./demosthenissele00demogoog/demosthenissele00demogoog_0337.png"; bbox 0 0 2902 5044; ppageno 0'>
   <div class='ocr_carea' id='block_1_1' title="bbox 288 347 1005 434">
    <p class='ocr_par' dir='ltr' id='par_1_1' title="bbox 288 347 1005 434">
     <span class='ocr_line' id='line_1_1' title="bbox 288 347 1005 434; baseline 0 -6"><span class='ocrx_word' id='word_1_1' title='bbox 288 353 360 434; x_wconf 73' lang='lat'><strong>272</strong></span> <span class='ocrx_word' id='word_1_2' title='bbox 617 347 1005 428; x_wconf 74' lang='grc' dir='ltr'><strong>,ΒΕΜΟΞΤΗΕΝΙΒ</strong></span> 
     </span>
    </p>
   </div>
   <div class='ocr_carea' id='block_1_2' title="bbox 181 525 1435 4222">
    <p class='ocr_par' dir='ltr' id='par_1_2' title="bbox 181 525 1435 4222">
     <span class='ocr_line' id='line_1_2' title="bbox 289 525 1353 624; baseline 0.001 -24"><span class='ocrx_word' id='word_1_3' title='bbox 289 531 388 600; x_wconf 86' lang='lat' dir='ltr'><strong>rnurn</strong></span> <span class='ocrx_word' id='word_1_4' title='bbox 407 529 533 612; x_wconf 87' lang='lat' dir='ltr'><strong>subire,</strong></span> <span class='ocrx_word' id='word_1_5' title='bbox 556 551 615 600; x_wconf 83' lang='lat' dir='ltr'><strong>vos</strong></span> <span class='ocrx_word' id='word_1_6' title='bbox 632 553 675 599; x_wconf 91' lang='lat' dir='ltr'><strong>ex</strong></span> <span class='ocrx_word' id='word_1_7' title='bbox 694 528 883 601; x_wconf 65' lang='lat' dir='ltr'><strong>immodice</strong></span> <span class='ocrx_word' id='word_1_8' title='bbox 903 528 973 600; x_wconf 68' lang='lat' dir='ltr'><strong>&#39;hdo</strong></span> <span class='ocrx_word' id='word_1_9' title='bbox 997 525 1224 624; x_wconf 64' lang='lat' dir='ltr'><strong>negligentiis,</strong></span> <span class='ocrx_word' id='word_1_10' title='bbox 1252 529 1353 602; x_wconf 86' lang='lat' dir='ltr'><strong>sicut</strong></span> 
     </span>
     <span class='ocr_line' id='line_1_3' title="bbox 288 625 1433 739; baseline 0 -39"><span class='ocrx_word' id='word_1_11' title='bbox 288 630 330 701; x_wconf 82' lang='lat' dir='ltr'><strong>od</strong></span> <span class='ocrx_word' id='word_1_12' title='bbox 349 627 534 712; x_wconf 79' lang='lat' dir='ltr'><strong>Euboeam,</strong></span> <span class='ocrx_word' id='word_1_13' title='bbox 554 642 589 699; x_wconf 86' lang='lat' dir='ltr'><strong>et</strong></span> <span class='ocrx_word' id='word_1_14' title='bbox 607 627 702 725; x_wconf 85' lang='lat' dir='ltr'><strong>prihs</strong></span> <span class='ocrx_word' id='word_1_15' title='bbox 720 627 919 724; x_wconf 75' lang='lat' dir='ltr'><strong>aliquando,</strong></span> <span class='ocrx_word' id='word_1_16' title='bbox 938 641 978 700; x_wconf 89' lang='lat' dir='ltr'><strong>ut</strong></span> <span class='ocrx_word' id='word_1_17' title='bbox 994 625 1122 712; x_wconf 87' lang='lat' dir='ltr'><strong>ferunt,</strong></span> <span class='ocrx_word' id='word_1_18' title='bbox 1142 627 1185 699; x_wconf 82' lang='lat' dir='ltr'><strong>sd</strong></span> <span class='ocrx_word' id='word_1_19' title='bbox 1204 627 1351 701; x_wconf 79' lang='lat' dir='ltr'><strong>Haliar·</strong></span> <span class='ocrx_word' id='word_1_20' title='bbox 1432 682 1433 739; x_wconf 61' lang='lat' dir='ltr'><strong>p</strong></span> 
     </span>
     <span class='ocr_line' id='line_1_4' title="bbox 288 725 1433 827; baseline -0.003 -28"><span class='ocrx_word' id='word_1_21' title='bbox 288 747 376 814; x_wconf 89' lang='lat' dir='ltr'><strong>tum,</strong></span> <span class='ocrx_word' id='word_1_22' title='bbox 390 745 424 800; x_wconf 90' lang='lat' dir='ltr'><strong>et</strong></span> <span class='ocrx_word' id='word_1_23' title='bbox 436 731 612 827; x_wconf 77' lang='lat' dir='ltr'><strong>postremo</strong></span> <span class='ocrx_word' id='word_1_24' title='bbox 622 731 733 824; x_wconf 74' lang='lat' dir='ltr'><strong>nuper</strong></span> <span class='ocrx_word' id='word_1_25' title='bbox 744 729 787 800; x_wconf 82' lang='lat' dir='ltr'><strong>ud</strong></span> <span class='ocrx_word' id='word_1_26' title='bbox 796 727 1062 824; x_wconf 79' lang='lat' dir='ltr'><strong>Thermopylas,</strong></span> <span class='ocrx_word' id='word_1_27' title='bbox 1076 725 1223 799; x_wconf 77' lang='lat' dir='ltr'><strong>fortasse</strong></span> <span class='ocrx_word' id='word_1_28' title='bbox 1236 751 1346 824; x_wconf 90' lang='lat' dir='ltr'><strong>erup·</strong></span> <span class='ocrx_word' id='word_1_29' title='bbox 1432 749 1433 796; x_wconf 63' lang='lat' dir='ltr'><strong>r</strong></span> 
     </span>
     <span class='ocr_line' id='line_1_5' title="bbox 287 825 1433 923; baseline 0 -23"><span class='ocrx_word' id='word_1_30' title='bbox 287 842 396 901; x_wconf 89' lang='lat' dir='ltr'><strong>turos.</strong></span> <span class='ocrx_word' id='word_1_31' title='bbox 450 828 533 900; x_wconf 90' lang='lat' dir='ltr'><strong>Non</strong></span> <span class='ocrx_word' id='word_1_32' title='bbox 557 827 715 912; x_wconf 79' lang='lat' dir='ltr'><strong>omnino,</strong></span> <span class='ocrx_word' id='word_1_33' title='bbox 729 828 869 899; x_wconf 84' lang='lat' dir='ltr'><strong>tametsi</strong></span> <span class='ocrx_word' id='word_1_34' title='bbox 887 851 957 898; x_wconf 89' lang='lat' dir='ltr'><strong>non</strong></span> <span class='ocrx_word' id='word_1_35' title='bbox 977 825 1137 911; x_wconf 80' lang='lat' dir='ltr'>feceritis,</span> <span class='ocrx_word' id='word_1_36' title='bbox 1151 841 1191 898; x_wconf 90' lang='lat' dir='ltr'><strong>ut</strong></span> <span class='ocrx_word' id='word_1_37' title='bbox 1207 851 1276 923; x_wconf 85' lang='lat' dir='ltr'><strong>ego</strong></span> <span class='ocrx_word' id='word_1_38' title='bbox 1294 827 1348 900; x_wconf 86' lang='lat' dir='ltr'><strong>fe·</strong></span> <span class='ocrx_word' id='word_1_39' title='bbox 1432 835 1433 886; x_wconf 70' lang='lat' dir='ltr'><strong>l</strong></span> 
     </span>
     <span class='ocr_line' id='line_1_6' title="bbox 286 925 1345 1018; baseline 0 -19"><span class='ocrx_word' id='word_1_40' title='bbox 286 927 449 1001; x_wconf 89' lang='lat' dir='ltr'><strong>ciendum</strong></span> <span class='ocrx_word' id='word_1_41' title='bbox 473 951 549 1000; x_wconf 91' lang='lat' dir='ltr'><strong>esse</strong></span> <span class='ocrx_word' id='word_1_42' title='bbox 566 927 656 1012; x_wconf 92' lang='lat' dir='ltr'><strong>dico,</strong></span> <span class='ocrx_word' id='word_1_43' title='bbox 667 925 772 999; x_wconf 86' lang='lat' dir='ltr'><strong>fuerit</strong></span> <span class='ocrx_word' id='word_1_44' title='bbox 787 925 852 999; x_wconf 82' lang='lat' dir='ltr'><strong>ltoc</strong></span> <span class='ocrx_word' id='word_1_45' title='bbox 867 927 1187 1014; x_wconf 61' lang='lat' dir='ltr'><strong>contemnendum:</strong></span> <span class='ocrx_word' id='word_1_46' title='bbox 1210 941 1267 1018; x_wconf 15' lang='lat' dir='ltr'><strong>lut,</strong></span> <span class='ocrx_word' id='word_1_47' title='bbox 1288 928 1345 999; x_wconf 89' lang='lat' dir='ltr'><strong>vel</strong></span> 
     </span>
     <span class='ocr_line' id='line_1_7' title="bbox 286 1025 1343 1126; baseline -0.002 -26"><span class='ocrx_word' id='word_1_48' title='bbox 286 1053 356 1126; x_wconf 78' lang='lat' dir='ltr'><strong>pree</strong></span> <span class='ocrx_word' id='word_1_49' title='bbox 375 1042 484 1113; x_wconf 89' lang='lat' dir='ltr'><strong>metu,</strong></span> <span class='ocrx_word' id='word_1_50' title='bbox 496 1028 525 1100; x_wconf 88' lang='lat' dir='ltr'><strong>si</strong></span> <span class='ocrx_word' id='word_1_51' title='bbox 539 1027 656 1100; x_wconf 84' lang='lat' dir='ltr'><strong>scierit</strong></span> <span class='ocrx_word' id='word_1_52' title='bbox 672 1041 809 1126; x_wconf 80' lang='lat' dir='ltr'><strong>paratos</strong></span> <span class='ocrx_word' id='word_1_53' title='bbox 823 1051 898 1122; x_wconf 76' lang='lat' dir='ltr'><strong>esse</strong></span> <span class='ocrx_word' id='word_1_54' title='bbox 912 1051 983 1110; x_wconf 87' lang='lat' dir='ltr'><strong>vos,</strong></span> <span class='ocrx_word' id='word_1_55' title='bbox 1001 1025 1111 1119; x_wconf 78' lang='lat' dir='ltr'><strong>(certo</strong></span> <span class='ocrx_word' id='word_1_56' title='bbox 1123 1025 1218 1097; x_wconf 88' lang='lat' dir='ltr'><strong>enim</strong></span> <span class='ocrx_word' id='word_1_57' title='bbox 1236 1027 1343 1099; x_wconf 85' lang='lat' dir='ltr'><strong>sciet:</strong></span> 
     </span>
     <span class='ocr_line' id='line_1_8' title="bbox 285 1124 1341 1225; baseline -0.001 -26"><span class='ocrx_word' id='word_1_58' title='bbox 285 1142 368 1200; x_wconf 89' lang='lat' dir='ltr'><strong>sunt</strong></span> <span class='ocrx_word' id='word_1_59' title='bbox 384 1128 493 1216; x_wconf 89' lang='lat' dir='ltr'><strong>enim,</strong></span> <span class='ocrx_word' id='word_1_60' title='bbox 511 1141 600 1199; x_wconf 87' lang='lat' dir='ltr'><strong>sunt</strong></span> <span class='ocrx_word' id='word_1_61' title='bbox 611 1127 703 1225; x_wconf 83' lang='lat' dir='ltr'><strong>opud</strong></span> <span class='ocrx_word' id='word_1_62' title='bbox 721 1151 782 1198; x_wconf 91' lang='lat' dir='ltr'><strong>vos</strong></span> <span class='ocrx_word' id='word_1_63' title='bbox 796 1127 901 1224; x_wconf 89' lang='lat' dir='ltr'><strong>ipsos,</strong></span> <span class='ocrx_word' id='word_1_64' title='bbox 921 1126 981 1222; x_wconf 90' lang='lat' dir='ltr'><strong>qui</strong></span> <span class='ocrx_word' id='word_1_65' title='bbox 996 1125 1039 1198; x_wconf 89' lang='lat' dir='ltr'><strong>de</strong></span> <span class='ocrx_word' id='word_1_66' title='bbox 1052 1124 1219 1198; x_wconf 88' lang='lat' dir='ltr'><strong>omnibus</strong></span> <span class='ocrx_word' id='word_1_67' title='bbox 1235 1128 1341 1198; x_wconf 90' lang='lat' dir='ltr'><strong>rebus</strong></span> 
     </span>
     <span class='ocr_line' id='line_1_9' title="bbox 284 1225 1336 1324; baseline -0.002 -26"><span class='ocrx_word' id='word_1_68' title='bbox 284 1251 366 1300; x_wconf 91' lang='lat' dir='ltr'><strong>eurn</strong></span> <span class='ocrx_word' id='word_1_69' title='bbox 387 1228 570 1300; x_wconf 81' lang='lat' dir='ltr'>certiorem</span> <span class='ocrx_word' id='word_1_70' title='bbox 594 1226 737 1311; x_wconf 78' lang='lat' dir='ltr'><strong>faciunt,</strong></span> <span class='ocrx_word' id='word_1_71' title='bbox 763 1227 878 1324; x_wconf 90' lang='lat' dir='ltr'><strong>plures</strong></span> <span class='ocrx_word' id='word_1_72' title='bbox 901 1229 1007 1323; x_wconf 69' lang='lat' dir='ltr'><strong>quern</strong></span> <span class='ocrx_word' id='word_1_73' title='bbox 1028 1225 1198 1319; x_wconf 67' lang='lat' dir='ltr'><strong>expedit)</strong></span> <span class='ocrx_word' id='word_1_74' title='bbox 1218 1225 1336 1298; x_wconf 90' lang='lat' dir='ltr'><strong>otium</strong></span> 
     </span>
     <span class='ocr_line' id='line_1_10' title="bbox 181 1325 1335 1426; baseline -0.001 -28"><span class='ocrx_word' id='word_1_75' title='bbox 181 1415 188 1420; x_wconf 87' lang='lat'>.</span> <span class='ocrx_word' id='word_1_76' title='bbox 283 1342 381 1422; x_wconf 83' lang='lat' dir='ltr'><strong>ogat3</strong></span> <span class='ocrx_word' id='word_1_77' title='bbox 407 1328 470 1412; x_wconf 87' lang='lat' dir='ltr'><strong>vel,</strong></span> <span class='ocrx_word' id='word_1_78' title='bbox 496 1327 550 1399; x_wconf 88' lang='lat' dir='ltr'><strong>his</strong></span> <span class='ocrx_word' id='word_1_79' title='bbox 575 1325 756 1426; x_wconf 86' lang='lat' dir='ltr'><strong>despectis,</strong></span> <span class='ocrx_word' id='word_1_80' title='bbox 781 1326 943 1416; x_wconf 78' lang='lat' dir='ltr'><strong>incautus</strong></span> <span class='ocrx_word' id='word_1_81' title='bbox 968 1325 1196 1422; x_wconf 78' lang='lat' dir='ltr'><strong>opprimatur,</strong></span> <span class='ocrx_word' id='word_1_82' title='bbox 1221 1325 1335 1398; x_wconf 88' lang='lat' dir='ltr'><strong>nihilo</strong></span> 
     </span>
     <span class='ocr_line' id='line_1_11' title="bbox 283 1423 1334 1526; baseline 0 -28"><span class='ocrx_word' id='word_1_83' title='bbox 283 1429 443 1500; x_wconf 83' lang='lat' dir='ltr'><strong>obstante</strong></span> <span class='ocrx_word' id='word_1_84' title='bbox 456 1432 527 1526; x_wconf 84' lang='lat' dir='ltr'><strong>qud</strong></span> <span class='ocrx_word' id='word_1_85' title='bbox 541 1427 659 1500; x_wconf 83' lang='lat' dir='ltr'><strong>minhs</strong></span> <span class='ocrx_word' id='word_1_86' title='bbox 673 1425 709 1498; x_wconf 87' lang='lat' dir='ltr'><strong>in</strong></span> <span class='ocrx_word' id='word_1_87' title='bbox 723 1427 797 1521; x_wconf 89' lang='lat' dir='ltr'><strong>ejus</strong></span> <span class='ocrx_word' id='word_1_88' title='bbox 815 1449 975 1524; x_wconf 85' lang='lat' dir='ltr'><strong>regnum,</strong></span> <span class='ocrx_word' id='word_1_89' title='bbox 995 1425 1023 1496; x_wconf 91' lang='lat' dir='ltr'><strong>si</strong></span> <span class='ocrx_word' id='word_1_90' title='bbox 1037 1448 1098 1522; x_wconf 91' lang='lat' dir='ltr'><strong>per</strong></span> <span class='ocrx_word' id='word_1_91' title='bbox 1111 1423 1334 1498; x_wconf 81' lang='lat' dir='ltr'><strong>occasionem</strong></span> 
     </span>
     <span class='ocr_line' id='line_1_12' title="bbox 280 1526 1434 1638; baseline 0.004 -41"><span class='ocrx_word' id='word_1_92' title='bbox 280 1526 424 1612; x_wconf 82' lang='lat' dir='ltr'><strong>licuerit,</strong></span> <span class='ocrx_word' id='word_1_93' title='bbox 443 1527 622 1624; x_wconf 75' lang='lat' dir='ltr'><strong>navigeris.</strong></span> <span class='ocrx_word' id='word_1_94' title='bbox 1433 1602 1434 1638; x_wconf 69' lang='lat'><strong>,</strong></span> 
     </span>
     <span class='ocr_line' id='line_1_13' title="bbox 283 1625 1434 1726; baseline -0.004 -26"><span class='ocrx_word' id='word_1_95' title='bbox 283 1671 293 1684; x_wconf 90' lang='lat'>-</span> <span class='ocrx_word' id='word_1_96' title='bbox 330 1625 431 1700; x_wconf 89' lang='lat' dir='ltr'><strong>Vlll.</strong></span> <span class='ocrx_word' id='word_1_97' title='bbox 460 1627 557 1700; x_wconf 78' lang='lat' dir='ltr'><strong>HAEc</strong></span> <span class='ocrx_word' id='word_1_98' title='bbox 582 1626 690 1725; x_wconf 86' lang='lat' dir='ltr'><strong>igithr</strong></span> <span class='ocrx_word' id='word_1_99' title='bbox 706 1639 801 1714; x_wconf 90' lang='lat' dir='ltr'><strong>sunt,</strong></span> <span class='ocrx_word' id='word_1_100' title='bbox 823 1651 900 1726; x_wconf 75' lang='lat' dir='ltr'><strong>quer</strong></span> <span class='ocrx_word' id='word_1_101' title='bbox 918 1632 939 1702; x_wconf 72' lang='lat' dir='ltr'><strong>d</strong></span> <span class='ocrx_word' id='word_1_102' title='bbox 954 1626 1052 1701; x_wconf 83' lang='lat' dir='ltr'><strong>vobis</strong></span> <span class='ocrx_word' id='word_1_103' title='bbox 1070 1625 1210 1697; x_wconf 89' lang='lat' dir='ltr'><strong>decerni</strong></span> <span class='ocrx_word' id='word_1_104' title='bbox 1227 1647 1330 1722; x_wconf 91' lang='lat' dir='ltr'><strong>opor·</strong></span> <span class='ocrx_word' id='word_1_105' title='bbox 1433 1657 1434 1704; x_wconf 70' lang='lat'><strong>,</strong></span> 
     </span>
     <span class='ocr_line' id='line_1_14' title="bbox 281 1724 1331 1825; baseline -0.002 -27"><span class='ocrx_word' id='word_1_106' title='bbox 281 1731 353 1799; x_wconf 87' lang='lat' dir='ltr'><strong>tere</strong></span> <span class='ocrx_word' id='word_1_107' title='bbox 372 1727 463 1813; x_wconf 91' lang='lat' dir='ltr'><strong>dico,</strong></span> <span class='ocrx_word' id='word_1_108' title='bbox 488 1745 637 1825; x_wconf 82' lang='lat' dir='ltr'><strong>q&#39;uaeque</strong></span> <span class='ocrx_word' id='word_1_109' title='bbox 662 1741 703 1798; x_wconf 91' lang='lat' dir='ltr'><strong>ut</strong></span> <span class='ocrx_word' id='word_1_110' title='bbox 725 1727 942 1802; x_wconf 85' lang='lat' dir='ltr'><strong>instruantur</strong></span> <span class='ocrx_word' id='word_1_111' title='bbox 964 1725 1149 1800; x_wconf 90' lang='lat' dir='ltr'><strong>convenire</strong></span> <span class='ocrx_word' id='word_1_112' title='bbox 1169 1724 1331 1824; x_wconf 73' lang='lat' dir='ltr'><strong>prbitror.</strong></span> 
     </span>
     <span class='ocr_line' id='line_1_15' title="bbox 280 1823 1329 1925; baseline -0.002 -28"><span class='ocrx_word' id='word_1_113' title='bbox 280 1826 411 1901; x_wconf 88' lang='lat' dir='ltr'><strong>Praeter</strong></span> <span class='ocrx_word' id='word_1_114' title='bbox 428 1828 513 1913; x_wconf 82' lang='lat' dir='ltr'><strong>haec,</strong></span> <span class='ocrx_word' id='word_1_115' title='bbox 533 1829 649 1925; x_wconf 85' lang='lat' dir='ltr'><strong>copias</strong></span> <span class='ocrx_word' id='word_1_116' title='bbox 667 1827 811 1924; x_wconf 85' lang='lat' dir='ltr'><strong>aliquas,</strong></span> <span class='ocrx_word' id='word_1_117' title='bbox 827 1827 1075 1911; x_wconf 75' lang='lat' dir='ltr'><strong>Athenienses,</strong></span> <span class='ocrx_word' id='word_1_118' title='bbox 1094 1825 1131 1897; x_wconf 88' lang='lat' dir='ltr'><strong>in</strong></span> <span class='ocrx_word' id='word_1_119' title='bbox 1146 1823 1329 1922; x_wconf 89' lang='lat' dir='ltr'><strong>procinctu</strong></span> 
     </span>
     <span class='ocr_line' id='line_1_16' title="bbox 278 1923 1328 2028; baseline -0.001 -32"><span class='ocrx_word' id='word_1_120' title='bbox 278 1925 454 1999; x_wconf 82' lang='lat' dir='ltr'><strong>habendas</strong></span> <span class='ocrx_word' id='word_1_121' title='bbox 467 1953 606 2014; x_wconf 90' lang='lat' dir='ltr'><strong>censeo,</strong></span> <span class='ocrx_word' id='word_1_122' title='bbox 619 1952 699 2028; x_wconf 87' lang='lat' dir='ltr'><strong>quae</strong></span> <span class='ocrx_word' id='word_1_123' title='bbox 714 1927 935 2016; x_wconf 76' lang='lat' dir='ltr'><strong>continenter</strong></span> <span class='ocrx_word' id='word_1_124' title='bbox 947 1926 1164 2021; x_wconf 85' lang='lat' dir='ltr'><strong>belligerent,</strong></span> <span class='ocrx_word' id='word_1_125' title='bbox 1177 1939 1215 1997; x_wconf 90' lang='lat' dir='ltr'><strong>et</strong></span> <span class='ocrx_word' id='word_1_126' title='bbox 1225 1923 1328 1996; x_wconf 89' lang='lat' dir='ltr'><strong>illum</strong></span> 
     </span>
     <span class='ocr_line' id='line_1_17' title="bbox 278 2023 1326 2124; baseline -0.001 -27"><span class='ocrx_word' id='word_1_127' title='bbox 278 2025 454 2100; x_wconf 79' lang='lat' dir='ltr'><strong>infestent.</strong></span> <span class='ocrx_word' id='word_1_128' title='bbox 482 2027 539 2099; x_wconf 92' lang='lat' dir='ltr'><strong>Ne</strong></span> <span class='ocrx_word' id='word_1_129' title='bbox 550 2027 638 2100; x_wconf 88' lang='lat' dir='ltr'><strong>mihi</strong></span> <span class='ocrx_word' id='word_1_130' title='bbox 649 2025 834 2124; x_wconf 82' lang='lat' dir='ltr'><strong>quisdicat</strong></span> <span class='ocrx_word' id='word_1_131' title='bbox 845 2027 959 2100; x_wconf 76' lang='lat' dir='ltr'><strong>decies</strong></span> <span class='ocrx_word' id='word_1_132' title='bbox 973 2025 1080 2111; x_wconf 89' lang='lat' dir='ltr'><strong>mille,</strong></span> <span class='ocrx_word' id='word_1_133' title='bbox 1097 2049 1211 2122; x_wconf 91' lang='lat' dir='ltr'><strong>neque</strong></span> <span class='ocrx_word' id='word_1_134' title='bbox 1220 2023 1326 2096; x_wconf 75' lang='lat' dir='ltr'><strong>vicies</strong></span> 
     </span>
     <span class='ocr_line' id='line_1_18' title="bbox 278 2119 1327 2230; baseline -0.002 -33"><span class='ocrx_word' id='word_1_135' title='bbox 278 2119 1327 2230; x_wconf 81' lang='lat' dir='ltr'><strong>milleperegrinos,nequeepistolaresillosexereitus,-eusau·</strong></span> 
     </span>
     <span class='ocr_line' id='line_1_19' title="bbox 276 2225 1323 2325; baseline -0.004 -27"><span class='ocrx_word' id='word_1_136' title='bbox 276 2239 347 2298; x_wconf 87' lang='lat' dir='ltr'><strong>tem</strong></span> <span class='ocrx_word' id='word_1_137' title='bbox 370 2227 448 2300; x_wconf 88' lang='lat' dir='ltr'><strong>volo</strong></span> <span class='ocrx_word' id='word_1_138' title='bbox 472 2227 588 2325; x_wconf 79' lang='lat' dir='ltr'><strong>copias</strong></span> <span class='ocrx_word' id='word_1_139' title='bbox 605 2252 683 2324; x_wconf 85' lang='lat' dir='ltr'><strong>quse</strong></span> <span class='ocrx_word' id='word_1_140' title='bbox 700 2227 832 2301; x_wconf 87' lang='lat' dir='ltr'><strong>civibus</strong></span> <span class='ocrx_word' id='word_1_141' title='bbox 852 2238 1030 2299; x_wconf 85' lang='lat' dir='ltr'><strong>constent:</strong></span> <span class='ocrx_word' id='word_1_142' title='bbox 1064 2249 1156 2322; x_wconf 73' lang='lat' dir='ltr'><strong>quse,</strong></span> <span class='ocrx_word' id='word_1_143' title='bbox 1173 2225 1245 2295; x_wconf 89' lang='lat' dir='ltr'><strong>sive</strong></span> <span class='ocrx_word' id='word_1_144' title='bbox 1265 2247 1323 2295; x_wconf 88' lang='lat' dir='ltr'><strong>vos</strong></span> 
     </span>
     <span class='ocr_line' id='line_1_20' title="bbox 275 2323 1321 2424; baseline -0.001 -29"><span class='ocrx_word' id='word_1_145' title='bbox 275 2325 477 2409; x_wconf 87' lang='lat' dir='ltr'><strong>ununr,sive</strong></span> <span class='ocrx_word' id='word_1_146' title='bbox 494 2327 620 2423; x_wconf 88' lang='lat' dir='ltr'><strong>plures,</strong></span> <span class='ocrx_word' id='word_1_147' title='bbox 635 2327 706 2397; x_wconf 89' lang='lat' dir='ltr'><strong>sive</strong></span> <span class='ocrx_word' id='word_1_148' title='bbox 721 2326 913 2412; x_wconf 87' lang='lat' dir='ltr'><strong>illum,sire</strong></span> <span class='ocrx_word' id='word_1_149' title='bbox 928 2349 1183 2424; x_wconf 88' lang='lat' dir='ltr'><strong>quemcunque,</strong></span> <span class='ocrx_word' id='word_1_150' title='bbox 1196 2323 1321 2395; x_wconf 91' lang='lat' dir='ltr'><strong>ducem</strong></span> 
     </span>
     <span class='ocr_line' id='line_1_21' title="bbox 275 2419 1320 2522; baseline -0.001 -28"><span class='ocrx_word' id='word_1_151' title='bbox 275 2423 478 2519; x_wconf 82' lang='lat' dir='ltr'><strong>creaveritis,</strong></span> <span class='ocrx_word' id='word_1_152' title='bbox 492 2426 523 2495; x_wconf 89' lang='lat' dir='ltr'><strong>ei</strong></span> <span class='ocrx_word' id='word_1_153' title='bbox 542 2438 947 2522; x_wconf 85' lang='lat' dir='ltr'><strong>pareantetsequnntur;</strong></span> <span class='ocrx_word' id='word_1_154' title='bbox 974 2424 1070 2497; x_wconf 88' lang='lat' dir='ltr'><strong>ethis</strong></span> <span class='ocrx_word' id='word_1_155' title='bbox 1081 2419 1320 2520; x_wconf 83' lang='lat' dir='ltr'><strong>commeatum</strong></span> 
     </span>
     <span class='ocr_line' id='line_1_22' title="bbox 273 2523 1320 2622; baseline -0.002 -27"><span class='ocrx_word' id='word_1_156' title='bbox 273 2523 382 2595; x_wconf 85' lang='lat' dir='ltr'><strong>curari</strong></span> <span class='ocrx_word' id='word_1_157' title='bbox 389 2524 508 2618; x_wconf 91' lang='lat' dir='ltr'><strong>jubeo.</strong></span> <span class='ocrx_word' id='word_1_158' title='bbox 536 2524 1320 2622; x_wconf 65' lang='lat' dir='ltr'><strong>Quaeeutemerunthrecopiae,etquuntae,et</strong></span> 
     </span>
     <span class='ocr_line' id='line_1_23' title="bbox 273 2622 1341 2726; baseline -0.002 -31"><span class='ocrx_word' id='word_1_159' title='bbox 273 2623 611 2696; x_wconf 77' lang='lat' dir='ltr'><strong>dndecommeoturn</strong></span> <span class='ocrx_word' id='word_1_160' title='bbox 624 2623 794 2698; x_wconf 76' lang='lat' dir='ltr'><strong>habiturae</strong></span> <span class='ocrx_word' id='word_1_161' title='bbox 806 2625 932 2713; x_wconf 65' lang='lat' dir='ltr'><strong>sistet</strong></span> <span class='ocrx_word' id='word_1_162' title='bbox 941 2622 1320 2722; x_wconf 84' lang='lat' dir='ltr'><strong>quomoddhaeofocere</strong></span> <span class='ocrx_word' id='word_1_163' title='bbox 1335 2713 1341 2726; x_wconf 20' lang='grc' dir='ltr'><strong>λ</strong></span> 
     </span>
     <span class='ocr_line' id='line_1_24' title="bbox 271 2721 1341 2822; baseline -0.002 -28"><span class='ocrx_word' id='word_1_164' title='bbox 271 2725 420 2820; x_wconf 89' lang='lat' dir='ltr'><strong>possitis,</strong></span> <span class='ocrx_word' id='word_1_165' title='bbox 445 2749 512 2820; x_wconf 86' lang='lat' dir='ltr'><strong>ego</strong></span> <span class='ocrx_word' id='word_1_166' title='bbox 529 2725 655 2810; x_wconf 87' lang='lat' dir='ltr'><strong>dicam,</strong></span> <span class='ocrx_word' id='word_1_167' title='bbox 674 2724 853 2798; x_wconf 87' lang='lat' dir='ltr'><strong>ethorum</strong></span> <span class='ocrx_word' id='word_1_168' title='bbox 873 2724 1011 2822; x_wconf 84' lang='lat' dir='ltr'><strong>singulo</strong></span> <span class='ocrx_word' id='word_1_169' title='bbox 1033 2721 1341 2818; x_wconf 75' lang='lat' dir='ltr'><strong>seorshmexpli·&#39;</strong></span> 
     </span>
     <span class='ocr_line' id='line_1_25' title="bbox 270 2821 1435 2921; baseline -0.002 -27"><span class='ocrx_word' id='word_1_170' title='bbox 270 2825 367 2896; x_wconf 85' lang='lat' dir='ltr'><strong>cubo.</strong></span> <span class='ocrx_word' id='word_1_171' title='bbox 394 2821 532 2896; x_wconf 86' lang='lat' dir='ltr'><strong>Pedites</strong></span> <span class='ocrx_word' id='word_1_172' title='bbox 546 2826 636 2910; x_wconf 91' lang='lat' dir='ltr'><strong>dico,</strong></span> <span class='ocrx_word' id='word_1_173' title='bbox 651 2826 780 2921; x_wconf 90' lang='lat' dir='ltr'><strong>(neque</strong></span> <span class='ocrx_word' id='word_1_174' title='bbox 789 2825 824 2897; x_wconf 93' lang='lat' dir='ltr'><strong>id</strong></span> <span class='ocrx_word' id='word_1_175' title='bbox 836 2824 996 2910; x_wconf 82' lang='lat' dir='ltr'><strong>feceritis,</strong></span> <span class='ocrx_word' id='word_1_176' title='bbox 1010 2824 1105 2921; x_wconf 89' lang='lat' dir='ltr'><strong>quod</strong></span> <span class='ocrx_word' id='word_1_177' title='bbox 1115 2826 1210 2920; x_wconf 74' lang='lat' dir='ltr'><strong>saepe</strong></span> <span class='ocrx_word' id='word_1_178' title='bbox 1221 2821 1315 2894; x_wconf 86' lang='lat' dir='ltr'><strong>vobis</strong></span> <span class='ocrx_word' id='word_1_179' title='bbox 1434 2835 1435 2848; x_wconf 61' lang='lat'>¹</span> 
     </span>
     <span class='ocr_line' id='line_1_26' title="bbox 269 2923 1314 3022; baseline -0.001 -29"><span class='ocrx_word' id='word_1_180' title='bbox 269 2923 401 3008; x_wconf 90' lang='lat' dir='ltr'><strong>nocuit,</strong></span> <span class='ocrx_word' id='word_1_181' title='bbox 422 2924 507 2995; x_wconf 89' lang='lat' dir='ltr'><strong>dum</strong></span> <span class='ocrx_word' id='word_1_182' title='bbox 528 2925 664 2996; x_wconf 84' lang='lat' dir='ltr'><strong>minore</strong></span> <span class='ocrx_word' id='word_1_183' title='bbox 683 2925 812 3021; x_wconf 83' lang='lat' dir='ltr'><strong>putatis</strong></span> <span class='ocrx_word' id='word_1_184' title='bbox 832 2925 953 2997; x_wconf 83' lang='lat' dir='ltr'><strong>omnia</strong></span> <span class='ocrx_word' id='word_1_185' title='bbox 968 2928 1074 3022; x_wconf 77' lang='lat' dir='ltr'><strong>qudm</strong></span> <span class='ocrx_word' id='word_1_186' title='bbox 1093 2935 1262 3022; x_wconf 79' lang='lat' dir='ltr'><strong>oporteat,</strong></span> <span class='ocrx_word' id='word_1_187' title='bbox 1279 2936 1314 2992; x_wconf 84' lang='lat' dir='ltr'><strong>et</strong></span> 
     </span>
     <span class='ocr_line' id='line_1_27' title="bbox 269 3022 1310 3120; baseline 0 -28"><span class='ocrx_word' id='word_1_188' title='bbox 269 3022 422 3093; x_wconf 79' lang='lat' dir='ltr'><strong>maxims</strong></span> <span class='ocrx_word' id='word_1_189' title='bbox 438 3022 474 3092; x_wconf 89' lang='lat' dir='ltr'><strong>in</strong></span> <span class='ocrx_word' id='word_1_190' title='bbox 494 3023 639 3095; x_wconf 87' lang='lat' dir='ltr'><strong>decretis</strong></span> <span class='ocrx_word' id='word_1_191' title='bbox 655 3024 892 3120; x_wconf 87' lang='lat' dir='ltr'><strong>suscipientes,</strong></span> <span class='ocrx_word' id='word_1_192' title='bbox 914 3027 997 3098; x_wconf 84' lang='lat' dir='ltr'><strong>chrn</strong></span> <span class='ocrx_word' id='word_1_193' title='bbox 1015 3024 1058 3096; x_wconf 83' lang='lat' dir='ltr'><strong>ad</strong></span> <span class='ocrx_word' id='word_1_194' title='bbox 1076 3047 1150 3096; x_wconf 90' lang='lat' dir='ltr'><strong>rem</strong></span> <span class='ocrx_word' id='word_1_195' title='bbox 1168 3036 1310 3093; x_wconf 81' lang='lat' dir='ltr'><strong>ventum</strong></span> 
     </span>
     <span class='ocr_line' id='line_1_28' title="bbox 260 3113 1311 3223; baseline 0.002 -33"><span class='ocrx_word' id='word_1_196' title='bbox 260 3133 329 3223; x_wconf 75' lang='lat' dir='ltr'><strong>eet,</strong></span> <span class='ocrx_word' id='word_1_197' title='bbox 356 3143 400 3191; x_wconf 90' lang='lat' dir='ltr'><strong>ne</strong></span> <span class='ocrx_word' id='word_1_198' title='bbox 424 3113 530 3216; x_wconf 80' lang='lat' dir='ltr'><strong>perva&#39;</strong></span> <span class='ocrx_word' id='word_1_199' title='bbox 550 3121 693 3218; x_wconf 89' lang='lat' dir='ltr'><strong>quidem</strong></span> <span class='ocrx_word' id='word_1_200' title='bbox 716 3121 847 3208; x_wconf 81' lang='lat' dir='ltr'><strong>fecitis3</strong></span> <span class='ocrx_word' id='word_1_201' title='bbox 873 3124 933 3196; x_wconf 90' lang='lat' dir='ltr'><strong>sed</strong></span> <span class='ocrx_word' id='word_1_202' title='bbox 957 3125 1018 3196; x_wconf 87' lang='lat' dir='ltr'><strong>ubl</strong></span> <span class='ocrx_word' id='word_1_203' title='bbox 1045 3125 1147 3221; x_wconf 73' lang='lat' dir='ltr'><strong>parvo</strong></span> <span class='ocrx_word' id='word_1_204' title='bbox 1165 3119 1311 3194; x_wconf 77' lang='lat' dir='ltr'><strong>feceritis</strong></span> 
     </span>
     <span class='ocr_line' id='line_1_29' title="bbox 265 3219 1307 3317; baseline 0.002 -27"><span class='ocrx_word' id='word_1_205' title='bbox 265 3233 301 3290; x_wconf 90' lang='lat' dir='ltr'><strong>et</strong></span> <span class='ocrx_word' id='word_1_206' title='bbox 318 3219 607 3316; x_wconf 77' lang='lat' dir='ltr'><strong>compescueritis,</strong></span> <span class='ocrx_word' id='word_1_207' title='bbox 626 3221 693 3293; x_wconf 89' lang='lat' dir='ltr'><strong>illis</strong></span> <span class='ocrx_word' id='word_1_208' title='bbox 709 3222 857 3317; x_wconf 82' lang='lat' dir='ltr'><strong>adjicite,</strong></span> <span class='ocrx_word' id='word_1_209' title='bbox 876 3224 904 3295; x_wconf 92' lang='lat' dir='ltr'><strong>si</strong></span> <span class='ocrx_word' id='word_1_210' title='bbox 921 3224 1057 3295; x_wconf 84' lang='lat' dir='ltr'><strong>minora</strong></span> <span class='ocrx_word' id='word_1_211' title='bbox 1073 3221 1307 3315; x_wconf 88' lang='lat' dir='ltr'><strong>videbuntur,)</strong></span> 
     </span>
     <span class='ocr_line' id='line_1_30' title="bbox 265 3319 1308 3420; baseline 0 -30"><span class='ocrx_word' id='word_1_212' title='bbox 265 3319 344 3392; x_wconf 89' lang='lat' dir='ltr'><strong>dic&#39;o</strong></span> <span class='ocrx_word' id='word_1_213' title='bbox 365 3320 471 3418; x_wconf 87' lang='lat' dir='ltr'><strong>igithr</strong></span> <span class='ocrx_word' id='word_1_214' title='bbox 492 3319 668 3395; x_wconf 89' lang='lat' dir='ltr'><strong>universos</strong></span> <span class='ocrx_word' id='word_1_215' title='bbox 690 3323 819 3394; x_wconf 88' lang='lat' dir='ltr'><strong>milites</strong></span> <span class='ocrx_word' id='word_1_216' title='bbox 840 3348 915 3395; x_wconf 87' lang='lat' dir='ltr'><strong>esse</strong></span> <span class='ocrx_word' id='word_1_217' title='bbox 938 3335 1097 3420; x_wconf 87' lang='lat' dir='ltr'><strong>oportere</strong></span> <span class='ocrx_word' id='word_1_218' title='bbox 1117 3323 1172 3395; x_wconf 91' lang='lat' dir='ltr'><strong>bls</strong></span> <span class='ocrx_word' id='word_1_219' title='bbox 1193 3319 1308 3393; x_wconf 87' lang='lat' dir='ltr'><strong>mille:</strong></span> 
     </span>
     <span class='ocr_line' id='line_1_31' title="bbox 264 3419 1308 3521; baseline -0.001 -30"><span class='ocrx_word' id='word_1_220' title='bbox 264 3445 306 3492; x_wconf 83' lang='lat' dir='ltr'><strong>ex</strong></span> <span class='ocrx_word' id='word_1_221' title='bbox 328 3419 393 3506; x_wconf 82' lang='lat' dir='ltr'><strong>his,</strong></span> <span class='ocrx_word' id='word_1_222' title='bbox 415 3419 649 3496; x_wconf 84' lang='lat' dir='ltr'><strong>Athenienses</strong></span> <span class='ocrx_word' id='word_1_223' title='bbox 672 3438 830 3521; x_wconf 90' lang='lat' dir='ltr'><strong>oportere</strong></span> <span class='ocrx_word' id='word_1_224' title='bbox 851 3448 925 3495; x_wconf 89' lang='lat' dir='ltr'><strong>esse</strong></span> <span class='ocrx_word' id='word_1_225' title='bbox 945 3423 1024 3495; x_wconf 90' lang='lat' dir='ltr'><strong>dico</strong></span> <span class='ocrx_word' id='word_1_226' title='bbox 1044 3422 1266 3520; x_wconf 86' lang='lat' dir='ltr'><strong>quingentos,</strong></span> <span class='ocrx_word' id='word_1_227' title='bbox 1287 3421 1308 3490; x_wconf 72' lang='grc' dir='ltr'>ὲ</span> 
     </span>
     <span class='ocr_line' id='line_1_32' title="bbox 264 3518 1304 3618; baseline -0.006 -24"><span class='ocrx_word' id='word_1_228' title='bbox 264 3523 471 3618; x_wconf 64' lang='lat' dir='ltr'><strong>quicunque</strong></span> <span class='ocrx_word' id='word_1_229' title='bbox 496 3521 546 3593; x_wconf 91' lang='lat' dir='ltr'><strong>illi</strong></span> <span class='ocrx_word' id='word_1_230' title='bbox 571 3521 746 3617; x_wconf 83' lang='lat' dir='ltr'><strong>deligendi</strong></span> <span class='ocrx_word' id='word_1_231' title='bbox 766 3522 864 3594; x_wconf 88' lang='lat' dir='ltr'><strong>vobis</strong></span> <span class='ocrx_word' id='word_1_232' title='bbox 886 3537 989 3596; x_wconf 85' lang='lat' dir='ltr'><strong>aetate</strong></span> <span class='ocrx_word' id='word_1_233' title='bbox 1006 3521 1224 3607; x_wconf 87' lang='lat' dir='ltr'><strong>videbuntur,</strong></span> <span class='ocrx_word' id='word_1_234' title='bbox 1247 3518 1304 3616; x_wconf 89' lang='lat' dir='ltr'><strong>qui</strong></span> 
     </span>
     <span class='ocr_line' id='line_1_33' title="bbox 261 3621 1304 3720; baseline -0.002 -30"><span class='ocrx_word' id='word_1_235' title='bbox 261 3633 393 3692; x_wconf 89' lang='lat' dir='ltr'><strong>certum</strong></span> <span class='ocrx_word' id='word_1_236' title='bbox 413 3635 551 3717; x_wconf 88' lang='lat' dir='ltr'><strong>tempus</strong></span> <span class='ocrx_word' id='word_1_237' title='bbox 569 3621 732 3706; x_wconf 90' lang='lat' dir='ltr'><strong>militent,</strong></span> <span class='ocrx_word' id='word_1_238' title='bbox 753 3646 822 3705; x_wconf 86' lang='lat' dir='ltr'><strong>non</strong></span> <span class='ocrx_word' id='word_1_239' title='bbox 842 3622 987 3720; x_wconf 84' lang='lat' dir='ltr'><strong>longum</strong></span> <span class='ocrx_word' id='word_1_240' title='bbox 1007 3622 1103 3705; x_wconf 88' lang='lat' dir='ltr'><strong>illud,</strong></span> <span class='ocrx_word' id='word_1_241' title='bbox 1123 3622 1183 3692; x_wconf 87' lang='lat' dir='ltr'><strong>sed</strong></span> <span class='ocrx_word' id='word_1_242' title='bbox 1197 3643 1304 3718; x_wconf 83' lang='lat' dir='ltr'><strong>qusn-</strong></span> 
     </span>
     <span class='ocr_line' id='line_1_34' title="bbox 260 3717 1302 3808; baseline -0.002 -18"><span class='ocrx_word' id='word_1_243' title='bbox 260 3733 336 3791; x_wconf 87' lang='lat' dir='ltr'><strong>tum</strong></span> <span class='ocrx_word' id='word_1_244' title='bbox 360 3718 588 3792; x_wconf 88' lang='lat' dir='ltr'><strong>commodum</strong></span> <span class='ocrx_word' id='word_1_245' title='bbox 612 3745 686 3791; x_wconf 85' lang='lat' dir='ltr'><strong>esse</strong></span> <span class='ocrx_word' id='word_1_246' title='bbox 710 3720 891 3807; x_wconf 85' lang='lat' dir='ltr'><strong>videbitur,</strong></span> <span class='ocrx_word' id='word_1_247' title='bbox 918 3722 1128 3808; x_wconf 72' lang='lat' dir='ltr'><strong>utsubinde</strong></span> <span class='ocrx_word' id='word_1_248' title='bbox 1148 3721 1207 3792; x_wconf 84' lang='lat' dir='ltr'><strong>ulii</strong></span> <span class='ocrx_word' id='word_1_249' title='bbox 1226 3717 1302 3791; x_wconf 83' lang='lat' dir='ltr'><strong>&#39;aliis</strong></span> 
     </span>
     <span class='ocr_line' id='line_1_35' title="bbox 259 3817 1302 3917; baseline -0.004 -27"><span class='ocrx_word' id='word_1_250' title='bbox 259 3821 462 3905; x_wconf 85' lang='lat' dir='ltr'><strong>succedent3</strong></span> <span class='ocrx_word' id='word_1_251' title='bbox 489 3819 638 3917; x_wconf 89' lang='lat' dir='ltr'><strong>reliquos</strong></span> <span class='ocrx_word' id='word_1_252' title='bbox 655 3820 855 3917; x_wconf 79' lang='lat' dir='ltr'><strong>peregrinos</strong></span> <span class='ocrx_word' id='word_1_253' title='bbox 867 3845 942 3892; x_wconf 87' lang='lat' dir='ltr'><strong>esse</strong></span> <span class='ocrx_word' id='word_1_254' title='bbox 950 3823 1076 3917; x_wconf 88' lang='lat' dir='ltr'><strong>jubeo:</strong></span> <span class='ocrx_word' id='word_1_255' title='bbox 1105 3833 1141 3892; x_wconf 89' lang='lat' dir='ltr'><strong>et</strong></span> <span class='ocrx_word' id='word_1_256' title='bbox 1153 3843 1237 3892; x_wconf 88' lang='lat' dir='ltr'><strong>eum</strong></span> <span class='ocrx_word' id='word_1_257' title='bbox 1247 3817 1302 3889; x_wconf 85' lang='lat' dir='ltr'><strong>his</strong></span> 
     </span>
     <span class='ocr_line' id='line_1_36' title="bbox 257 3917 1302 4018; baseline 0 -29"><span class='ocrx_word' id='word_1_258' title='bbox 257 3919 389 4016; x_wconf 85' lang='lat' dir='ltr'><strong>equites</strong></span> <span class='ocrx_word' id='word_1_259' title='bbox 402 3918 582 4004; x_wconf 67' lang='lat' dir='ltr'><strong>ducentos</strong></span> <span class='ocrx_word' id='word_1_260' title='bbox 598 3943 746 4014; x_wconf 88' lang='lat' dir='ltr'><strong>quorum</strong></span> <span class='ocrx_word' id='word_1_261' title='bbox 760 3920 1096 4018; x_wconf 82' lang='lat' dir='ltr'><strong>quinquagintesiot</strong></span> <span class='ocrx_word' id='word_1_262' title='bbox 1108 3917 1302 3992; x_wconf 86' lang='lat' dir='ltr'><strong>Athenien·</strong></span> 
     </span>
     <span class='ocr_line' id='line_1_37' title="bbox 257 4018 1300 4118; baseline -0.007 -24"><span class='ocrx_word' id='word_1_263' title='bbox 257 4041 310 4096; x_wconf 81' lang='lat' dir='ltr'><strong>ses</strong></span> <span class='ocrx_word' id='word_1_264' title='bbox 328 4018 529 4103; x_wconf 90' lang='lat' dir='ltr'><strong>minimum,</strong></span> <span class='ocrx_word' id='word_1_265' title='bbox 549 4019 671 4091; x_wconf 90' lang='lat' dir='ltr'><strong>eodem</strong></span> <span class='ocrx_word' id='word_1_266' title='bbox 686 4043 756 4116; x_wconf 89' lang='lat' dir='ltr'><strong>quo</strong></span> <span class='ocrx_word' id='word_1_267' title='bbox 770 4020 902 4118; x_wconf 86' lang='lat' dir='ltr'><strong>pedites</strong></span> <span class='ocrx_word' id='word_1_268' title='bbox 917 4021 1023 4094; x_wconf 79' lang='lat' dir='ltr'><strong>modo</strong></span> <span class='ocrx_word' id='word_1_269' title='bbox 1041 4019 1241 4104; x_wconf 78' lang='lat' dir='ltr'><strong>militaturi3</strong></span> <span class='ocrx_word' id='word_1_270' title='bbox 1266 4031 1300 4088; x_wconf 89' lang='lat' dir='ltr'><strong>et</strong></span> 
     </span>
     <span class='ocr_line' id='line_1_38' title="bbox 257 4115 1298 4222; baseline 0.005 -36"><span class='ocrx_word' id='word_1_271' title='bbox 257 4115 460 4222; x_wconf 78' lang='lat' dir='ltr'><strong>hippngines</strong></span> <span class='ocrx_word' id='word_1_272' title='bbox 483 4118 609 4215; x_wconf 88' lang='lat' dir='ltr'><strong>quibus</strong></span> <span class='ocrx_word' id='word_1_273' title='bbox 629 4119 665 4191; x_wconf 91' lang='lat' dir='ltr'><strong>hi</strong></span> <span class='ocrx_word' id='word_1_274' title='bbox 685 4133 841 4210; x_wconf 78' lang='lat' dir='ltr'><strong>utantur.</strong></span> <span class='ocrx_word' id='word_1_275' title='bbox 891 4119 989 4197; x_wconf 74' lang='lat' dir='ltr'><strong>Esto.</strong></span> <span class='ocrx_word' id='word_1_276' title='bbox 1041 4119 1140 4213; x_wconf 86' lang='lat' dir='ltr'><strong>Quid</strong></span> <span class='ocrx_word' id='word_1_277' title='bbox 1160 4119 1205 4194; x_wconf 81' lang='lat' dir='ltr'><strong>ud</strong></span> <span class='ocrx_word' id='word_1_278' title='bbox 1224 4118 1298 4192; x_wconf 79' lang='lat' dir='ltr'><strong>hec</strong></span> 
     </span>
    </p>
   </div>
   <div class='ocr_carea' id='block_1_3' title="bbox 0 0 1456 5044">
    <p class='ocr_par' dir='ltr' id='par_1_3' title="bbox 0 0 1456 5044">
     <span class='ocr_line' id='line_1_39' title="bbox 0 0 1456 5044; baseline 0 12"><span class='ocrx_word' id='word_1_279' title='bbox 0 0 1456 5044; x_wconf 95' lang='lat' dir='ltr'><strong> </strong></span> 
     </span>
    </p>
   </div>
  </div>
 </body>
</html>
