2902 5044
710 381 960 486 [rost

433 611 1161 784 ¹uunosrrrn'nrs

553 887 999 1002 rummeins
1037 916 1073 997 1.
1122 981 1125 988 .
1189 907 1201 1010 .'

285 1157 289 1166 '
341 1143 371 1219 I.
400 1113 614 1220 stamnum
633 1145 677 1219 dc
694 1147 783 1218 noval
806 1145 920 1242 aliqud
937 1169 974 1218 re
990 1144 1104 1218 dicere
1121 1142 1343 1242 propositum

243 1313 245 1318 ,
293 1259 394 1330 esset,
412 1246 657 1332 Athenienses,
676 1246 860 1318 continens
875 1269 946 1334 nie,
963 1244 1048 1316 dbm
1062 1242 1204 1340 plurimi
1219 1265 1342 1314 eorum

293 1343 420 1440 quibus
438 1369 515 1434 mos
535 1359 588 1418 est
607 1345 818 1418 sententiam
839 1369 939 1418 suam
960 1345 1188 1442 aperuissent,
1209 1341 1240 1413 si
1260 1341 1344 1440 quid

294 1442 384 1532 mihi
397 1447 441 1516 ab
454 1444 521 1515 illis
535 1444 668 1516 dictum
684 1444 881 1542 placuisset,
896 1444 1122 1543 quievissem3
1141 1441 1194 1512 sin
1211 1442 1342 1526 minhs,

294 1555 374 1616 tum
391 1558 427 1616 et
444 1544 518 1642 ipse
535 1569 614 1641 quse
632 1547 746 1616 sentio
768 1558 914 1618 conatus
932 1567 1043 1640 essem
1062 1541 1146 1614 fari:
1174 1541 1342 1638 quoniam

293 1646 376 1716 verd
391 1642 441 1716 itd
457 1644 592 1730 accidit,
608 1658 646 1717 ut
662 1644 789 1744 quibus
805 1644 855 1717 illi
873 1645 916 1716 de
932 1645 1034 1715 rebus
1047 1643 1122 1738 jam
1137 1644 1221 1716 ante
1235 1665 1342 1738 saepe-

295 1747 445 1816 numerd
458 1743 636 1828 dixerunt,
658 1743 716 1816 hae
737 1769 830 1816 nunc
845 1743 881 1814 ni
894 1743 1182 1815 deliberationem
1203 1753 1343 1814 vocent·

294 1866 347 1927 ur,
366 1842 513 1915 arbitror
530 1869 597 1930 me,
615 1846 774 1941 quamvls
792 1844 925 1942 primus
947 1843 990 1914 ad
1005 1842 1193 1914 dicendum
1212 1865 1344 1912 surrex·

296 1941 396 2027 erim,
412 1944 490 2037 jure
508 1959 625 2016 tamen
651 1944 787 2020 veniam
813 1957 997 2016 nacturum
1012 1967 1107 2014 esse:
1133 1941 1273 2012 sienim
1289 1963 1344 2010 su·

293 2041 419 2138 periori
433 2054 590 2139 tempore
602 2046 693 2116 bene
707 2041 764 2115 isti
783 2042 1053 2126 consuluissent,
1072 2066 1162 2114 novo
1172 2042 1248 2136 jam
1263 2064 1343 2112 con·

295 2139 374 2212 silio
391 2141 483 2212 haud
502 2167 590 2241 opus
607 2158 710 2216 esset.
1056 2173 1061 2180 ·
1289 2173 1292 2180 ⁴

347 2237 394 2312 11.
421 2240 588 2314 Pmmrmr
613 2241 731 2339 igitur,
755 2241 1001 2327 Athenienses,
1025 2267 1096 2316 non
1121 2255 1176 2314 est
1196 2243 1239 2314 de
1261 2264 1343 2336 prae-
1445 2259 1446 2276 ¹

300 2340 457 2410 sentibus
475 2344 590 2426 rebus,
611 2342 699 2414 nesi
718 2344 943 2416 vehementer
960 2343 1097 2416 afflictae
1114 2367 1190 2414 esse
1208 2339 1344 2412 videan-

299 2449 368 2522 tur,
388 2439 640 2535 desperandum
659 2441 777 2514 vobis:
806 2467 888 2514 num
906 2443 1001 2540 quod
1018 2443 1054 2514 in
1073 2441 1122 2513 eis
1140 2466 1183 2514 ex
1205 2453 1344 2542 praeter·

297 2533 350 2608 ito
367 2548 524 2634 tempore
541 2553 595 2610 est
612 2541 816 2636 pessimum,
832 2541 996 2641 idipsum
1015 2558 1068 2614 est
1085 2542 1128 2614 ad
1145 2567 1186 2613 ea
1202 2566 1282 2638 quae
1295 2564 1344 2610 re·

299 2647 396 2708 stant
420 2639 607 2734 optimum.
660 2640 756 2732 Quid
781 2641 888 2740 igitur
909 2643 976 2714 hoc
999 2656 1051 2714 est
1064 2643 1092 2713 ?·
1108 2645 1220 2714 vestrh
1245 2637 1344 2711 nimi·

298 2737 391 2821 rum,
410 2737 656 2825 Athenienses,
674 2739 804 2813 lactum
824 2767 899 2814 esse
916 2742 1072 2814 socordia
1090 2756 1125 2814 et
1142 2741 1249 2812 officii
1261 2763 1344 2844 neg·

186 2899 190 2906 .
299 2835 404 2922 lectu,
419 2853 525 2910 utres
540 2828 668 2913 nostrae
681 2840 753 2913 sint
766 2842 938 2914 advers'ae:
964 2866 1046 2914 nam
1061 2843 1101 2926 si,
1117 2842 1213 2913 vobis
1228 2838 1345 2912 omnia

221 3014 224 3020 ,
299 2961 378 3032 quae
392 2938 508 3011 decuit
524 2941 721 3036 agentibus,
731 2966 785 3013 res
803 2942 852 3014 its
868 2966 905 3013 se
917 2941 1095 3024 haberent,
1115 2967 1160 3013 ne
1180 2965 1259 3038 spes
1271 2937 1344 3036 qui·

192 3127 199 3139 ,
300 3037 382 3108 dem
396 3037 526 3132 reliqua
538 3053 639 3124 esset,
654 3037 729 3112 lore
741 3040 996 3137 easaliquandd
1008 3042 1181 3114 meliores.
1208 3037 1345 3112 Deinde

302 3134 542 3230 cogitandum,
567 3138 602 3208 id
623 3139 717 3235 quod
738 3153 836 3211 etex
855 3140 1004 3212 aliorum
1028 3141 1122 3212 lamb
1144 3139 1290 3223 discitis,
1312 3151 1345 3208 et

300 3231 368 3330 ipsi
381 3258 424 3305 ex
437 3237 607 3308 memorial
623 3242 736 3310 vestrd
751 3239 859 3323 scitis,
878 3240 1010 3337 quanth
1025 3241 1212 3338 aliquandd
1225 3251 1343 3336 poten·

299 3333 350 3404 tit
367 3333 522 3432 praeditis
539 3336 826 3425 Lacedaemoniis,
844 3340 949 3438 idque
966 3366 1036 3414 non
1054 3342 1104 3414 ita
1120 3341 1219 3424 ollnr,
1241 3341 1342 3436 quam

276 3435 475 3531 praeclare,
499 3451 603 3535 atque
621 3454 660 3513 ut
677 3465 737 3512 vos
754 3440 910 3526 decebat,
935 3440 1022 3512 nihil
1040 3440 1143 3536 hujus
1165 3437 1343 3537 Reipubli-

302 3559 353 3607 cae
370 3535 532 3631 dignitati
549 3537 701 3610 alienum
721 3537 926 3624 admisistis3
954 3541 1074 3614 verhm
1087 3565 1151 3637 pro
1165 3535 1342 3611 communi

303 3632 880 3720 Graeciaelibertatebellumcontra
889 3641 967 3711 illos
977 3640 1204 3713 sustinuistis.
1233 3638 1344 3730 Quor·

301 3735 381 3806 sum
401 3739 481 3808 verb
496 3736 574 3808 haec
592 3736 689 3810 dico?
716 3757 756 3810 ut
772 3740 965 3838 perspicere
982 3739 1135 3838 possitis,
1153 3737 1343 3811 Athenien·

211 3893 214 3899 .
301 3859 366 3919 ses,
391 3848 496 3930 utque
512 3836 794 3924 animadvertere,
819 3863 932 3936 neque
954 3838 1228 3936 praecaventibus
1250 3834 1343 3908 vobis

299 3935 486 4032 quicquam
503 3959 578 4008 esse
593 3935 823 4025 formidabile,
845 3963 958 4037 neque
975 3940 1005 4011 si
1022 3939 1239 4036 negligentes
1259 3934 1340 4017 sitis,

301 4035 370 4106 tale
390 4033 474 4133 quid
494 4035 596 4132 quale
622 4059 682 4107 vos
705 4037 808 4118 vultis
833 4052 1037 4112 eventurum
1064 4065 1151 4124 esse,
1180 4032 1341 4132 exemplis

301 4147 452 4224 utentes,
483 4135 640 4233 potentia
668 4155 749 4234 quas
780 4140 857 4213 tbm
888 4138 954 4212 luit
987 4136 1338 4216 Lacedaemoniorum,
