2896 5054
406 382 787 458 OLYNTHIACAM
813 382 842 457 Ι.
1085 383 1153 456 183
1213 401 1221 428 ·

113 585 170 731 per
181 557 283 632 hasce
294 583 405 647 vocet),
420 559 512 638 atrior
524 562 591 649 ‘coir
603 556 770 668 μετέχεσι
782 561 831 638 ’τέ
844 555 993 662 sonipes,
1011 583 1084 631 non
1096 585 1152 634 so·

124 661 183 734 itm
208 659 434 757 imperatores
459 673 495 732 et
521 660 662 746 milites,
690 661 810 734 veriam
836 659 942 732 etiam
966 659 1053 731 socii
1074 685 1152 733 om·

113 783 181 846 uer,
195 759 413 857 intelligendi
431 773 526 833 sunt.
554 759 669 859 Supra
686 760 722 832 in
736 758 932 858 Philippicis
945 781 983 858 p.
1000 761 1035 832 9.
1053 759 1151 845 dixit,

112 853 256 956 Philippi
274 861 388 932 socios
404 875 501 932 rnetu
516 861 591 933 solo
609 873 762 933 retentos
779 885 870 945 esse,¹
886 885 956 958 quo
976 859 1093 932 minus
1108 862 1152 932 ab

113 981 151 1030 eo
166 959 418 1032 desciscerent:
439 958 529 1032 inira
545 973 580 1058 p.'
596 962 659 1033 42.
676 974 712 1032 et
726 960 887 1032 infirmos
901 974 937 1032 et
950 960 1078 1032 infidos
1092 985 1151 1032 eos

113 1081 183 1130 esse
198 1059 371 1144 affirmat3
398 1083 494 1145 mox,
522 1087 557 1158 p.
572 1063 619 1132 44
638 1074 676 1134 et
691 1063 752 1132 45.
780 1061 961 1158 quomodo
985 1060 1017 1131 ei
1036 1085 1093 1132 res
1106 1060 1151 1132 sit
1180 1061 1183 1070 '

113 1181 189 1230 cum
205 1158 377 1232 militibus
395 1159 478 1244 suis,
494 1160 649 1258 exponit.

155 1256 195 1330 P.
210 1259 271 1331 40.
291 1257 410 1332 Schoi.
429 1259 450 1331 l.
464 1260 524 1334 36.
554 1260 793 1360 nuncuparemur]
825 1260 1051 1364 Ἐπιορκοῧῆα
1069 1259 1149 1356 legi,

112 1367 144 1428 et
158 1357 324 1455 scriptura
340 1359 484 1446 autoris,
499 1373 534 1433 et
551 1361 734 1446 sententia,
754 1361 919 1457 postulat.
943 1357 1112 1454 Wolfius.

155 1454 192 1528 P.
209 1460 270 1531 41.
289 1459 312 1529 l.
334 1459 356 1530 2
374 1472 410 1530 et
427 1461 462 1532 3.
491 1465 569 1563 Περὶ
586 1459 675 1538 αὐτοὶ
689 1457 861 1562 καἹαῤῥεῖ]
893 1459 1007 1533 Valde
1023 1460 1151 1533 arridet

116 1551 234 1650 Wolsti
248 1559 459 1653 conjectura,
473 1559 534 1656 qui
547 1586 611 1657 pro
629 1565 701 1662 περὶ
718 1559 821 1648 cirri,
837 1559 917 1656 παρ’
930 1560 1021 1636 aira?
1033 1561 1150 1656 legen·

112 1654 190 1728 dum
200 1670 329 1745 censet,
334 1683 405 1755 per
415 1683 455 1730 se
471 1658 562 1757 ipsa,
578 1660 691 1744 idest,
707 1660 782 1758 ipsa
795 1685 870 1732 sese
884 1660 1150 1743 destruuntsuri

111 1769 226 1851 sponte
235 1756 622 1844 dilabuntur‚deoidunt
632 1761 742 1833 instar
752 1755 1151 1842 flosculorum'eum-vet

112 1870 278 1945 aruerunt,
298 1858 352 1929 vel
370 1872 474 1931 vento
491 1860 679 1957 agitantur.
734 1860 807 1932 Hic
822 1860 927 1958 plane
945 1858 1013 1930 loci
1027 1883 1149 1931 sensus
1249 1913 1252 1918 -

111 1969 168 2038 est,
179 1969 282 2054 atque
297 1955 347 2030 ita
360 1983 442 2031 eum
453 1959 726 2058 interpretantur
743 1957 827 2032 Nic.
837 1957 975 2032 Currus
984 1972 1021 2030 et
1037 1955 1150 2028 Tour-

111 2053 222 2129 rellrrs.
274 2056 366 2129 Illud
384 2053 474 2136 aira?
488 2061 638 2157 aspirati!
651 2085 724 2134 non
736 2061 969 2132 necessarium
985 2070 1049 2145 est,
1067 2059 1150 2130 cum

26 2243 27 2254 ἵ
111 2155 193 2251 epud
207 2158 362 2254 optimos
374 2160 558 2257 scriptores
576 2160 669 2238 cirri
684 2186 746 2257 pro
764 2157 856 2238 αὐτοὶ
869 2157 1151 2257 frequentissime
1252 2223 1255 2230 .

26 2315 27 2322 ,
110 2253 269 2329 invenies.
297 2257 498 2332 Verisimile
514 2275 568 2333 est
584 2259 763 2358 scripsisse
775 2259 1056 2332 Demosthenem
1071 2259 1151 2362 παρ’

110 2351 213 2443 iavrrl,
228 2361 250 2430 ὲ
266 2381 338 2454 quo
351 2357 484 2432 facilior
498 2361 612 2434 adhuc
629 2375 704 2434 erat
719 2361 836 2457 lapsus
853 2361 889 2434 in
909 2363 984 2464 aspi
1000 2358 1099 2437 αὐτά.

152 2455 204 2528 11).
219 2455 340 2530 Schoi.
359 2459 383 2558 ¹2
404 2461 427 2531 9
445 2473 481 2532 et
498 2461 551 2534 10..
568 2463 645 2540 Tui
659 2464 774 2548 nasci·
795 2496 828 2539 κ.
840 2498 871 2539 r.
883 2462 936 2558 λ.]
958 2458 1152 2533 Motellt'us

110 2553 206 2628 habet
222 2559 281 2634 rati
298 2557 447 2649 κλὲπτ8,
465 2563 538 2664 peip
554 2562 654 2667 yaipo‘
681 2544 841 2651 isirinrnf'
862 2587 941 2660 quae
959 2560 1061 2633 lectio
1077 2585 1149 2632 me·

110 2654 169 2728 lior
181 2657 330 2729 videtur.
735 2717 738 2722 .
1057 2689 1069 2702 ·

153 2755 204 2828 lb.
223 2757 246 2830 l.
272 2757 317 2830 18
333 2771 370 2830 et
392 2760 447 2831 19.
478 2760 575 2848 Τινές
590 2757 840 2866 λαμζοῖκῆαι]
867 2757 1151 2862 ἕπιλαμζοῖνόἥαι

110 2854 300 2954 legendum.
334 2855 462 2958 [Quod
475 2857 670 2931 Morcllicrs
683 2859 789 2931 etiarn
808 2858 1020 2951 admonuit]
1073 2853 1161 2934 Kri.
1209 2883 1212 2888 ’

110 2961 205 3044 ruia,
223 2959 269 3030 ab
288 2958 382 3045 imis,
401 2959 500 3057 quasi
518 2959 624 3044 dicas,
652 2959 696 3031 de
721 2957 822 3042 inlrlr,
848 2974 888 3030 ut
905 2959 1032 3043 ἄνωθεν,
1048 2955 1148 3030 desu-

111 3059 184 3153 per:
211 3059 251 3136 ri
276 3060 442 3137 οἷκὸλκθον
466 3085 695 3159 consequens,
728 3059 760 3132 id
780 3073 844 3146 est,
869 3059 955 3158 quid
972 3073 1150 3157 sequatur,

113 3158 166 3242 tel,
184 3161 292 3256 quam
307 3162 388 3256 apte
404 3160 471 3232 hoc
489 3159 634 3234 dicatur.
660 3158 826 3254 Wolfius.
1012 3217 1016 3228 .

152 3257 200 3330 lb.
217 3259 238 3330 l.
260 3259 309 3332 36
326 3274 362 3332 et
376 3258 425 3338 37
429 3314 437 3331 ·
482 3260 656 3362 ‘Ercor‘repov
683 3258 761 3360 γὰρ,
780 3263 931 3364 perpetior]
976 3263 1047 3337 Τοῧ
1061 3257 1148 3360 {ripe

112 3359 309 3457 ambiguum
327 3375 391 3445 est,
411 3373 577 3432 utrumne
593 3362 637 3432 ad
655 3362 802 3458 χηρεῦον,
817 3385 861 3432 an
879 3363 961 3430 vero
986 3359 1029 3428 ad
1047 3357 1148 3454 ἐργά-

113 3452 193 3561 ζεται
208 3457 362 3550 βλάζην.
415 3459 495 3558 Flgo
512 3473 661 3559 utroque
679 3483 805 3532 censeo
822 3457 1005 3557 pertinere.
1050 3455 1147 3528 Nam

113 3581 167 3630 nec
178 3559 335 3633 celeriter
350 3559 442 3632 laeta
463 3560 659 3646 laudantur,
679 3560 816 3634 sibene
842 3557 932 3632 iacta
959 3580 1029 3630 non
1050 3555 1145 3628 sint:

114 3669 141 3729 et
154 3659 243 3732 benc
259 3660 351 3732 facts
366 3673 506 3758 propter
533 3661 729 3760 longiorem
758 3683 892 3736 moram
921 3658 1040 3733 minus
1057 3655 1146 3730 cele·

114 3756 257 3832 brantur.
287 3758 399 3833 Idem.

435 3913 438 3920 ’
543 3909 654 3984 Sscr.
674 3909 721 3982 V.

155 4057 237 4156 Peg.
256 4059 316 4131 42.
336 4059 360 4134 1.
383 4062 411 4134 1.
440 4061 619 4158 Παγασὰς
632 4061 802 4154 ἀπαιτεῖν]
819 4057 981 4154 Pagasas,
995 4054 1148 4128 Thessa·

117 4153 161 4232 liae
169 4157 336 4258 oppidum
351 4161 386 4234 in
402 4159 644 4258 promontorio
654 4158 881 4233 Pheraeorum
893 4156 1000 4230 situm
1016 4153 1147 4252 Philip·
