2902 5044
474 321 751 494 auronum
777 321 818 453 1(
1062 379 1173 456 ara
1314 466 1315 476 Ν

114 547 308 648 amplius?
333 548 473 626 Celeres
491 551 648 626 triremes
660 552 810 634 decem:
836 575 926 648 opus
944 547 1040 638 enim
1067 546 1167 624 nohis

111 664 197 736 est,
212 650 289 724 ebra
308 649 365 722 ille
382 647 529 726 classem
547 652 684 740 habeat,
701 655 807 726 etiarn
827 650 1001 724 velocibus
1018 647 1166 734 triremi·
1271 649 1288 668 ''
1312 727 1319 734 ,

113 748 208 835 bus,
222 763 261 821 ut
273 753 353 824 tutb
368 751 481 849 copiae
498 752 687 850 navigent..
740 772 746 780 ’
840 791 845 801 =
905 807 910 836 .
1012 827 1013 830 ,
1235 754 1245 772 ’

173 845 242 920 ΙΧ.
268 847 384 922 Unne
402 850 576 948 igiturhae
589 852 755 948 alentur?
771 851 1116 949 Egoethocdicam,
1130 863 1165 922 et
1224 943 1232 954 „
1375 859 1387 867 '

112 948 316 1035 ostendam
332 965 531 1048 postquam,
546 976 608 1024 cur
620 953 773 1026 tantulae
785 952 902 1050 copias
916 953 1000 1026 satis
1013 976 1089 1026 esse
1101 975 1166 1048 pu·

109 1049 353 1133 temetcives
366 1049 516 1126 militare
520 1052 677 1148 jubeam,
692 1053 862 1124 docuero:
881 1041 1045 1140 tantulus,
1051 1049 1165 1138 Athe·

112 1144 270 1235 dientes,
287 1153 472 1248 propterea
495 1152 589 1249 qodd
606 1153 708 1224 nobis
724 1177 820 1226 nunc
836 1151 1029 1226 exercitum
1045 1173 1165 1250 parare

113 1246 296 1332 nonlicet,
307 1249 368 1346 qui
379 1249 513 1324 collatis
523 1251 633 1349 signis
644 1276 725 1324 cum
740 1277 782 1325 eo
795 1251 960 1339 dimicet-3
984 1252 1047 1340 sed
1059 1252 1163 1324 latro·

114 1345 230 1420 cinari
240 1362 293 1421 est
304 1373 455 1440 necesse,
467 1365 502 1424 ct
512 1350 578 1424 haic
589 1353 733 1449 gerendi
750 1351 831 1426 belli
844 1352 979 1450 ratione
991 1351 1163 1426 utendum
1286 1413 1291 1428 r

113 1445 286 1541 prirnbm.
314 1449 435 1541 Quare‘
451 1475 516 1546 nec
532 1451 723 1526 immensas
740 1478 797 1530 eas
816 1452 898 1548 (nec
919 1452 1014 1526 enim
1032 1452 1163 1550 stipen·
1181 1451 1185 1462 '

111 1545 179 1620 dia
189 1561 225 1621 et
235 1564 454 1623 commeatus
470 1553 678 1650 suppetunt)
697 1578 761 1625 nec
778 1577 918 1650 prorsus
930 1551 1073 1649 exiguas
1081 1559 1164 1624 'esse

113 1646 266 1743 oportet.
292 1646 395 1722 Cives
412 1665 530 1724 autern
545 1653 678 1738 adesse,
694 1666 731 1724 et
743 1651 904 1748 navigare
920 1654 1162 1748 unapropter·
1242 1690 1246 1696 ·

110 1745 162 1818 et
173 1746 290 1842 jubeo,
307 1749 402 1846 qudd
417 1750 524 1846 'prihs
541 1752 648 1831 utiam
662 1747 861 1849 'aliquando
879 1749 984 1824 audio
1009 1748 1160 1848 peregri·
1227 1762 1253 1778 ’·

113 1869 207 1918 num
222 1847 349 1921 aluisse
366 1846 527 1930 Corinthi
542 1851 691 1925 militem
705 1866 865 1926 manum
877 1850 1014 1936 urbem,
1026 1848 1083 1922 cui
1092 1847 1162 1922 Ρο-

112 1943 276 2042 lystratus
301 1947 492 2046 praeiuerit,
509 1964 546 2022 et
570 1950 773 2049 Iphicrates,
792 1965 828 2024 et
843 1949 1026 2036 Chabrias,
1044 1961 1080 2021 et
1102 1947 1161 2021 alii
1380 1970 1382 1983 ·

113 2045 271 2142 quidam,
288 2059 327 2120 et
338 2049 569 2148 vosmetipsos
582 2055 654 2126 und
666 2051 855 2137 militaisac3
882 2063 918 2123 et
931 2063 971 2122 ut
983 2047 1162 2123 auditione

111 2147 273 2244 cognovi,
292 2148 465 2245 peregrini
483 2150 537 2242 illi¹
551 2151 732 2224 vobiscum
748 2150 940 2248 conjuncti,
951 2163 987 2223 et
1002 2167 1165 2222 voscum

112 2242 194 2333 illis,
211 2246 501 2322 lacedaemonios
518 2249 687 2323 vicerunt.
739 2249 931 2349 Poitquam
947 2263 1067 2328 autern
1093 2247 1160 2346 ipsi

113 2346 286 2444 peregrini
299 2372 361 2445 per
373 2373 449 2421 sese
458 2350 550 2423 bella
560 2350 657 2423 vobis
669 2351 813 2438 obeunt,
825 2350 957 2424 amicos
968 2349 1160 2423 vincuutet

112 2441 321 2533 ioederatos3
347 2447 464 2522 hostes
477 2463 597 2527 autem
610 2449 693 2524 iacti
709 2465 798 2526 sunt.
810 2451 958 2548 majores
974 2453 1082 2549 quim
1099 2457 1158 2524 ex·

111 2546 264 2640 pediret:
283 2560 320 2619 et
332 2549 416 2620 cbrn
429 2548 473 2623 ad
486 2550 618 2624 bellum
634 2565 767 2626 nouerca
780 2552 875 2626 urbis
892 2553 1006 2625 obiter
1021 2574 1158 2647 respex·
1249 2572 1254 2592 ¹

113 2645 213 2733 erint,
231 2647 277 2720 ad
289 2645 505 2722 Artabazum
519 2664 555 2722 et
568 2651 690 2748 quovis
699 2653 859 2747 gentium
873 2651 991 2748 potiira
1004 2652 1157 2732 abeunt3

110 2741 302 2844 imperator
317 2749 387 2822 ,eos
411 2748 591 2846 aequitare
619 2773 691 2821 non
709 2751 857 2846 injurii:
886 2745 1160 2845 nequeenirnia
1192 2810 1203 2817 .

114 2843 284 2945 imperare
301 2848 506 2948 potest‚,qui
523 2847 698 2947 stipendia
714 2846 914 2928 consolvit.
942 2845 1040 2939 Quid
1053 2844 1161 2941 igitur
1260 2901 1262 2909 ,

109 2943 246 3040 jubeo?
272 2971 394 3020 causas
411 2947 519 3022 adimi
532 2962 568 3022 et
581 2948 712 3024 duciet
724 2949 907 3050 militibus,
920 2945 1158 3022 merccdenu·

115 3048 300 3122 metandi:
328 3060 364 3120 et
379 3048 573 3124 domestico
585 3049 708 3138 milite,
723 3050 950 3126 veluteorurn
963 3045 1159 3146 inspectore
1223 3071 1227 3076 ·

113 3171 191 3244 quae
206 3151 231 3220 i
246 3148 336 3222 duce
351 3163 532 3246 geruntur,
549 3151 786 3251 adjungendo.
822 3149 918 3224 Nam
935 3161 977 3222 ut
992 3172 1089 3223 nunc
1105 3145 1158 3234 fit,
1216 3217 1219 3225 ,
1266 3227 1269 3234 ,

114 3247 258 3322 ridicula
274 3261 329 3320 eet
345 3261 464 3324 nostra
479 3273 596 3324 rerum
613 3251 877 3325 administratio.
912 3248 952 3321 Si
969 3249 1047 3346 qais
1060 3248 1157 3320 enirn
1291 3339 1296 3348 ,

113 3369 174 3420 voa
183 3361 295 3444 roget,
310 3347 484 3422 Pacemne
494 3349 610 3447 agitis,
620 3348 881 3423 Athenienses?
909 3347 1066 3422 Minime
1077 3350 1158 3418 verb

115 3453 178 3520 no‘a
188 3447 344 3546 quidem,
355 3444 593 3536 dicturi'sitis3
610 3449 671 3524 sed
685 3473 768 3522 cum
778 3445 940 3544 Philippo
951 3445 1083 3518 bellurn
1096 3467 1156 3540 ge-

113 3545 234 3622 rimus.
285 3545 418 3619 Nonne
446 3553 526 3624 vero
551 3550 693 3624 orcistis
709 3551 731 3622 e
747 3546 868 3620 vestris
884 3543 1017 3628 civibus
1035 3544 1157 3616 deceni

114 3645 346 3732 centuriones,
357 3645 519 3734 et‘duces,
527 3661 563 3721 et
573 3649 746 3735 tribdnos,
755 3661 792 3720 et
801 3646 986 3744 magistros
998 3642 1157 3744 equitum

114 3745 233 3820 duos?
264 3744 328 3820 lati
344 3747 522 3845 veroquid
535 3764 657 3846 agunt,
673 3749 816 3823 unoillo
829 3759 975 3843 excepto
987 3767 1095 3844 quem
1112 3742 1158 3816 ad

114 3844 245 3920 hedum
254 3845 443 3920 miseritis?
460 3847 581 3946 reliqui
593 3873 760 3947 pompam
766 3848 864 3922 vobis
871 3847 1006 3920 ducunt
1015 3868 1098 3934 curn
1105 3869 1158 3917 sa·
1172 3898 1175 3904 ‚

114 3945 290 4020 criliculia.
331 3945 384 4020 Ut
395 3947 492 4020 caim
505 3947 530 4020 ii
542 3949 602 4046 qui
616 3949 728 4024 luteos
741 3949 892 4046 fingunt,
907 3945 943 4016 in
957 3943 1073 4018 forum
1087 3967 1159 4016 cre-

115 4045 180 4120 atio
192 4043 415 4120 centuriones
428 4061 465 4120 et
478 4048 649 4134 tribunos,
668 4073 739 4121 non
753 4049 796 4122 ad
810 4047 953 4121 bellurn.
1006 4042 1066 4117 An
1086 4066 1173 4145 nonae

115 4143 1160 4322 oportuit,Atheniensescen2tufionescives,magistrosequi·
