2902 5044
304 373 670 454 nnmosnmms
696 331 989 455 mmmmm
1003 379 1032 453 1.
1119 383 1190 456 coo

126 574 257 647 quam,
275 553 379 624 rebus
397 552 518 625 vestris
536 551 673 624 animos
691 551 910 650 applicando,
928 553 1133 650 superstetis}
1157 567 1193 626 et

126 647 324 724 insolentiis
345 651 449 748 hujus
476 677 555 749 quac
574 675 669 722 nune
686 665 751 736 est,
782 665 1043 750 propterquam
1064 667 1191 726 aestua·

126 773 237 837 mus,
253 755 294 824 eo
311 751 404 848 quod
424 750 511 823 nihil
528 775 650 823 eorum
669 776 747 847 quae
765 741 920 849 oportuit
937 751 1147 826 curavimus.

180 847 256 922 Ill.
282 849 401 942 Quon
418 849 447 923 si
458 851 536 949 quis
546 854 714 936 vestrum,
727 850 971 937 Athenienses,
991 851 1192 950 Philippum

127 951 243 1045 prend
252 949 558 1047 inexpugnabilem
576 974 651 1022 esse
661 949 855 1035 arbitretur,
869 951 1091 1024 considerans
1109 953 1191 1026 ciam

129 1047 405 1122 multitudinem
420 1049 599 1147 copiarum
613 1074 694 1146 quae
708 1074 803 1122 nunc
816 1050 865 1122 illi
880 1065 1097 1148 competunt,
1112 1052 1190 1124 tum

130 1147 261 1222 omnia
277 1149 438 1246 prae'sidia
457 1150 533 1221 urbi
552 1162 682 1222 nostrae
698 1149 852 1246 periisse,
872 1151 965 1222 recte
977 1154 1061 1226 sane
1075 1152 1191 1224 existi·

131 1261 232 1320 mat:
259 1248 351 1322 idem
366 1262 484 1322 tamen
498 1249 566 1321 hoe
579 1247 722 1345 cogitet,
739 1247 846 1322 fuisse
858 1249 1045 1347 aliquando
1058 1251 1092 1324 in
1108 1277 1190 1324 nos·

130 1349 194 1418 trs
208 1347 434 1444 potestate,O
447 1347 695 1432 Athenienses,
705 1347 874 1444 Pydnam,
890 1347 1098 1440 Potidaeam,
1112 1350 1192 1424 Me·

132 1445 297 1534 thonem,
326 1461 363 1520 et
386 1473 530 1522 omnem
549 1448 645 1522 illam
669 1450 824 1547 undique
843 1449 1059 1545 adjacentem
1077 1452 1189 1548 regio·

134 1567 236 1632 nem,
254 1547 422 1646 plurimas
439 1549 559 1636 etiam,
576 1575 656 1647 quoe
674 1573 755 1621 eum
770 1549 830 1621 illo
846 1574 940 1621 nunc
954 1564 1048 1636 sunt,
1067 1565 1190 1647 gentes

136 1645 215 1718 suis
226 1647 359 1744 legibus
373 1673 413 1721 ac
424 1649 549 1722 liberas
562 1648 697 1732 vixisse,
714 1648 879 1744 vobisque
893 1648 1067 1734 maluisse,
1082 1645 1189 1746 quini

137 1743 206 1828 illi,
220 1747 373 1819 amicitiai
390 1748 569 1844 conjungi.
598 1745 636 1820 Si
653 1747 762 1845 igitur
777 1745 960 1844 Philippus
978 1747 1013 1818 'm
1034 1748 1098 1830 lide
1111 1748 1189 1821 tum

139 1844 306 1942 opinione
319 1845 454 1934 fuisset,
469 1847 609 1921 difficile
620 1873 695 1920 esse
705 1846 837 1919 bellum
850 1871 970 1944 gerere
982 1871 1063 1919 cum
1078 1846 1189 1920 Athe·

139 1945 331 2033 aiensibus,
346 1948 407 2044 qui
420 1947 506 2020 tales
519 1973 614 2021 arces
627 1950 670 2020 ad
684 1947 855 2021 ditionem
866 1947 974 2043 ipsius
984 1972 1190 2046 oppugnan-

72 2129 79 2136 ι
141 2043 224 2118 dam
241 2046 421 2133 haberent,
439 2049 550 2144 quiun
568 2061 660 2121 esset
674 2048 748 2144 ipse
765 2047 868 2119 sociis
885 2047 1084 2135 destitutus,
1101 2047 1189 2118 nihil

143 2167 274 2230 eorum,
294 2170 374 2245 quae
391 2172 487 2221 nunc
503 2146 597 2234 lecit,
615 2147 754 2244 egisset,
784 2170 896 2244 neque
914 2159 1048 2218 tantam
1066 2162 1190 2242 poten·
1217 2157 1219 2161 '

142 2243 228 2318 tiam
241 2259 335 2318 esset
347 2261 571 2321 consecutus:
595 2249 655 2320 aed
670 2247 748 2332 hoc,
766 2244 1013 2334 Athenienses,
1027 2247 1190 2344 praeclare

144 2342 201 2416 ille
213 2346 321 2433 novit,
336 2347 412 2420 haec
425 2347 502 2421 loca
518 2347 640 2420 omnia
655 2371 731 2420 esse
748 2346 830 2419 belli
847 2346 1001 2444 praemia,
1021 2345 1189 2420 inmedio

137 2443 271 2546 'positn3
298 2461 458 2520 naturam
473 2448 582 2522 etiam
594 2446 643 2522 ita
656 2447 754 2534 ferre,
769 2461 809 2521 ut
822 2447 1193 2547 praesentibus'cedant

146 2569 222 2640 quaa
240 2560 324 2618 sunt
340 2547 551 2633 absentium,
570 2561 606 2620 et
624 2548 818 2621 volentibus
835 2549 969 2622 labores
987 2573 1027 2620 ac
1040 2547 1192 2645 pericula

146 2645 247 2731 adire,
266 2671 344 2743 quae
360 2662 442 2720 strnt
460 2649 733 2745 negligentium:
755 2646 948 2745 quinetiam
962 2647 1027 2718 hoc
1040 2648 1099 2720 ille
1112 2673 1190 2719 sen·

146 2745 253 2818 tensis
265 2770 361 2833 usus,
373 2748 494 2821 omnia
508 2747 649 2843 subegit
664 2761 700 2818 et
717 2760 812 2818 tenet
818 2772 829 2831 3
854 2747 931 2830 alia,
944 2759 984 2816 ut
1002 2745 1093 2816 bello
1109 2769 1190 2841 cap·
1256 2817 1265 2824 ,

150 2855 182 2914 ta
208 2847 287 2942 quis
314 2860 441 2934 teneat,
470 2847 548 2931 alia,
577 2845 802 2918 societatibus
822 2857 926 2941 atque
943 2843 1107 2915 amicitiis
1123 2844 1191 2916 sibi
1244 2917 1249 2922 .

149 2943 347 3021 devincens:
374 2947 505 3020 etenim
519 2945 670 3018 cumbis
684 2944 887 3018 societatem
901 2942 999 3028 inire,
1018 2956 1123 3042 atque
1135 2943 1190 3016 his

147 3043 330 3130 adhaerere,
358 3047 481 3120 volunt
497 3071 633 3133 omnes,
661 3071 749 3145 quos
766 3044 955 3118 instructos
971 3067 1046 3117 esse
1063 3044 1192 3134 vident,

148 3160 182 3216 et
197 3169 240 3217 ea
255 3170 334 3242 quae
352 3159 489 3243 oportet
504 3171 607 3245 agere
622 3160 771 3246 paratos.

196 3243 262 3317 lv.
283 3243 324 3316 Sr
353 3246 460 3342 igitur
487 3272 549 3318 vos
578 3247 698 3332 etiam,
712 3243 959 3330 Athenienses,
974 3246 1041 3319 hoc
1071 3247 1191 3320 animo

147 3367 221 3416 csse
237 3345 464 3431 nuncvelitis,
477 3347 617 3444 quando
633 3345 776 3443 quidem
793 3343 889 3439 priiss
906 3367 976 3414 non
994 3341 1109 3416 inistis
1119 3371 1130 3430 3
1157 3359 1193 3418 et

147 3445 387 3543 unusquisque
404 3451 570 3532 vestrum,
588 3445 715 3543 quibus
732 3443 770 3514 in
787 3443 890 3514 rebus
907 3440 1010 3512 debet
1026 3456 1062 3514 et
1079 3457 1194 3540 potest

148 3542 364 3642 Reipublicae
382 3571 419 3618 se
433 3545 555 3618 utilem
573 3557 749 3644 praestare,
767 3538 866 3616 omni
884 3539 1013 3614 omissi
1030 3541 1193 3615 dissimu-

147 3643 288 3729 latione,
307 3645 438 3744 aliquid
456 3670 580 3718 navare
597 3645 644 3718 sit
658 3656 822 3743 paratus3
845 3639 1012 3714 nimirlrm
1027 3642 1086 3740 qui
1100 3641 1193 3714 dives

148 3759 212 3830 est,
232 3745 363 3818 tributa
379 3744 558 3832 conferre3
584 3744 644 3842 qui
660 3748 741 3817 verd
757 3743 794 3814 in
814 3754 918 3816 aetate
930 3757 983 3814 est
996 3742 1086 3814 bello
1100 3746 1191 3839 apti,

151 3845 322 3930 militare;
348 3845 499 3940 denique
517 3858 556 3918 ut
573 3870 644 3917 uno
663 3846 765 3916 verbo
780 3840 1052 3939 simpliciterque
1065 3842 1193 3928 dicam,

149 3943 178 4015 si
194 3944 239 4016 ad
257 3945 430 4042 vosipsos
450 3943 559 4016 redire
580 3942 768 4028 volueritis,
792 3954 830 4014 et
845 3941 1024 4026 desieritis,
1049 3941 1196 4040 quisquc

149 4043 304 4118 vestrirm
322 4067 458 4141 sperare
471 4042 558 4116 nihil
571 4067 609 4116 se
621 4039 795 4116 iacturum
812 4065 900 4124 esse,
919 4039 1026 4112 alium
1040 4045 1120 4114 vero
1132 4065 1196 4138 pro

149 4142 228 4240 ipso
245 4143 366 4216 omnia
383 4167 458 4215 esse
472 4155 677 4240 gesturum;
704 4139 778 4216 tim
795 4153 831 4214 et
847 4164 926 4238 quae
944 4139 1091 4229 habetis,
1114 4139 1194 4214 Deo
