2896 5054
684 361 849 454 NOTAE·
865 363 946 446 iN·
989 361 992 366 ’

707 661 821 738 Secu.
840 660 908 735 xl.
973 601 976 610 Ι

188 919 191 942 Ι
335 836 422 937 Pag.
436 839 495 914 20.
515 838 538 912 l.
551 839 608 912 14.
628 835 916 942 Πὸρεᾶπὸδειξις]
935 832 1141 933 Dionysias
1160 829 1350 924 Halicor-

285 937 520 1013 nu'ssensicin
543 939 659 1038 Epist.
677 939 721 1012 ad
738 937 863 1012 Amm.
908 938 958 1036 [p.
983 936 1066 1022 196.
1081 934 1160 1037 Ed.
1189 933 1346 1008 doctiss.

289 1036 475 1134 Hormi]
496 1040 666 1138 reliquam
681 1040 829 1135 hujusce
852 1035 1021 1112 orationis
1046 1048 1181 1133 partem
1199 1047 1355 1108 sextam

284 1135 519 1237 Philippicarn
550 1137 645 1226 iacit,
677 1137 919 1228 Themistocle
945 1134 1130 1228 Archonte
1162 1133 1347 1208 habitam.

284 1233 383 1310 Mihi
394 1253 529 1325 autem,
547 1239 651 1312 sicuti
667 1239 774 1312 etiam
792 1238 928 1317 oaeteris
946 1236 1115 1324 omnibus
1136 1234 1227 1308 inter
1255 1232 1347 1309 reti·

283 1337 547 1424 buu-naturalis
562 1339 687 1436 primae
711 1337 916 1436 Philippieae
941 1334 1160 1410 continuatio
1185 1259 1343 1418 videtur,

285 1440 403 1534 quare,
414 1463 472 1512 eas
490 1453 530 1512 ut
546 1440 793 1536 disjungerem
809 1463 880 1511 non
891 1435 991 1536 potui
1003 1434 1214 1509 inanimum
1229 1433 1345 1506 indn-

285 1559 375 1610 core.
401 1537 620 1612 Themellum
647 1538 745 1634 [Vid.
767 1535 884 1610 Sahal.
905 1537 950 1612 ad
958 1535 1009 1610 *A
1019 1534 1076 1642 μὲν
1091 1535 1194 1642 ἡμεῖς.
1220 1531 1342 1632 Equi·

284 1635 378 1726 dem,
396 1663 479 1714 cum
497 1637 682 1712 Tourretlo
694 1652 731 1712 et
742 1635 951 1723 Scholiasta
962 1661 1041 1736 quae
1054 1637 1250 1734 sequuntur
1267 1633 1341 1706 hu·

154 1818 159 1830 p
277 1737 337 1832 ius
355 1739 522 1814 orationis
537 1755 672 1838 partem
688 1752 964 1837 consequentem
981 1762 1057 1810 esse
1079 1759 1229 1819 cense03
1257 1733 1340 1808 nol-

282 1835 359 1910 lem.
371 1852 489 1914 tamen
499 1837 711 1936 Dionysium
722 1838 802 1917 idea
811 1839 934 1912 erroris
944 1838 1159 1934 redarguere.
1186 1833 1342 1908 Etenim

282 1935 334 2009 illi
344 1951 381 2012 et
397 1965 461 2012 sua
477 1940 665 2014 auctoritas
682 1953 842 2014 constare
857 1951 984 2037 potest,
1003 1951 1108 2035 atque
1118 1936 1194 2009 haec
1207 1935 1342 2008 nihilo-

283 2037 404 2112 minus
417 2063 521 2113 suum
535 2039 649 2114 adhuc
665 2039 784 2114 locum
799 2038 959 2113 retinere.
1000 2037 1035 2110 Is
1050 2051 1185 2110 sextam
1199 2033 1341 2134 Philip·

282 2137 665 2234 picam'l'hemistoole
686 2139 870 2214 Archonte
895 2138 1051 2212 habitam
1078 2135 1186 2210 foisse
1212 2137 1336 2222 tradit,

281 2235 425 2336 ejusque
441 2240 625 2315 exordium
641 2239 762 2328 fuisse,-
783 2238 835 2312 *A
851 2239 908 2347 pah
924 2240 1028 2331 ἡμεῖς,
1040 2239 1080 2314 ’ὦ
1106 2235 1210 2340 ἄνδρες
1232 2237 1338 2329 Ἀθη-

283 2337 571 2447 ναῖοι,δεδυνῆμεθα
589 2342 682 2446 εὑρεῖν
697 2339 862 2420 ταῦτ’ἕςι.
877 2339 933 2412 Ex
945 2365 987 2412 eo
998 2352 1116 2412 autem
1132 2363 1202 2409 non
1216 2339 1337 2436 sequi-

283 2449 341 2510 tur
358 2438 553 2536 neeessarih
569 2463 653 2513 eum
670 2439 761 2514 hanc
781 2439 905 2540 primae
917 2439 1121 2538 Philippicae
1144 2451 1280 2536 partem
1298 2440 1336 2511 in

199 2593 201 2598 -
222 2573 225 2580 ·
283 2537 404 2613 animo
421 2538 595 2624 habuisse.
624 2539 778 2614 Solenne
793 2553 846 2612 est
861 2540 957 2614 e'nim
976 2539 1171 2613 oratoribus
1188 2539 1337 2612 easdem

281 2643 391 2738 prope
408 2639 568 2738 periodos
585 2639 727 2714 diversis
744 2639 781 2714 in
798 2640 884 2714 iocis
897 2656 1060 2739 repetere.
1114 2637 1253 2731 Quidni
1267 2640 1336 2737 igi·

274 2752 340 2811 ¹tur
356 2739 539 2814 credamus
556 2766 635 2814 earn
651 2755 786 2815 sextam
803 2740 1036 2842 Philippicam
1061 2739 1145 2812 vitio
1163 2741 1336 2840 temporis

281 2838 436 2938 periisse,
453 2843 570 2940 potius
586 2845 693 2942 quim
711 2841 815 2939 hujus
834 2843 1000 2915 orationis
1018 2853 1163 2941 partem,
1185 2839 1334 2938 (inaper-

280 2937 409 3014 tectam
426 2943 523 3036 enirn
534 2944 610 3040 jam
628 2969 704 3016 esse
718 2943 803 3016 satis
822 2942 1014 3016 ostendunt
1038 2943 1141 3014 verba
1170 2943 1334 3038 proxime

281 3041 523 3116 antecedentia
533 3040 665 3134 uir'i'in
676 3041 796 3159 aigun)
806 3043 937 3114 carnin
949 3042 1046 3114 libris
1061 3039 1237 3126 omnibus,
1247 3043 1333 3114 cum

281 3135 459 3235 impressis
476 3154 554 3214 tum
571 3139 703 3231 MStis,
718 3143 825 3240 idque
840 3166 944 3214 sensu
958 3139 1262 3227 commodissimo,
1277 3168 1332 3215 se·

280 3239 425 3336 quentia
440 3241 613 3340 prioribus
630 3255 885 3316 connectantur
895 3243 927 3338 ?]

331 3336 386 3412 Ib.
406 3325 435 3413 li
457 3341 512 3414 15.
535 3341 586 3417 “A
602 3342 659 3449 μὲν
676 3337 787 3453 ἡμεῖς]
809 3339 907 3416 Pitd.
923 3340 947 3422 oi
962 3341 1019 3450 pedu
1036 3343 1075 3418 ἔν
1093 3342 1194 3448 ἡμεῖς.
1218 3339 1327 3416 Voss.

284 3437 365 3519 dih
379 3437 450 3547 μέν.

332 3542 384 3615 lb·
394 3543 418 3616 l·
431 3541 517 3616 lflet
527 3542 582 3624 17·
597 3545 756 3624 ΪΕπειδοῖν
773 3544 798 3622 δ’
812 3541 1070 3646 ἐπιχειροτονῆτε
1089 3544 1153 3636 τοὶς
1166 3542 1324 3650 γνώμας]

146 3723 154 3749 x
278 3641 373 3716 Ciam
384 3643 575 3718 sententias
586 3645 758 3742 suffragiis
768 3644 889 3716 vestris
900 3645 1220 3742 oornprobaveritis,
1237 3643 1327 3718 faeti

278 3743 506 3826 discessione:
534 3744 627 3816 verbi
646 3747 770 3818 causi:
795 3743 945 3817 diversas
967 3745 1158 3818 sententias
1176 3745 1328 3819 dixerint

277 3837 549 3931 Demosthenes,
561 3843 751 3931 Demades,
764 3842 934 3918 Phocion.
969 3845 1043 3936 Qui
1057 3846 1165 3943 igitur
1177 3847 1292 3945 plures
1306 3848 1327 3919 ὲ

241 4011 244 4020 ,
277 3943 408 4042 populo
425 3968 622 4016 assensores
640 3944 810 4030 habuerit,
834 3941 935 4022 πέτου
952 3944 1100 4050 ἡγνῶμη
1123 3944 1324 4052 ἐπιχειροτο-

277 4043 391 4122 reiron
421 4041 479 4116 W
474 4043 586 4138 olJiue
605 4042 768 4146 [Semper
784 4046 880 4136 huno
893 4046 1012 4119 locum
1024 4045 1235 4122 mendosum
1249 4069 1324 4121 esse

277 4145 471 4242 suspicatus
488 4169 591 4230 sum3
613 4171 714 4234 ,eum
744 4147 888 4220 meliore
915 4171 1020 4220 sensu
1050 4147 1100 4221 sic
1133 4149 1322 4248 legendum
