2902 5044
528 393 740 499 [roz]

292 716 513 794 mensu
540 717 966 812 AnGoMnNooM

600 891 645 940 IN

408 1017 874 1114 PHILIPPUM,
946 1029 955 1096 .·

309 1189 311 1196 ·
386 1151 390 1158 ’
456 1183 733 1318 onumoms
755 1201 789 1280 1,

123 1383 395 1504 Aruemnuses,
415 1415 493 1490 eum
513 1417 639 1490 bellum
662 1415 849 1534 infelieitir
866 1431 989 1490 contra
1009 1413 1148 1518 Philip·

115 1536 192 1607 pum
202 1532 372 1612 gererent,
392 1515 429 1587 in
447 1517 641 1590 concionem
661 1529 894 1590 conuenerunt
915 1516 1148 1614 desperabun-

120 1611 169 1703 li:
202 1614 331 1694 Orator
353 1615 467 1714 igitur
489 1631 523 1688 et
544 1616 682 1714 erigere
702 1615 855 1713 objectos
880 1615 1017 1688 animos
1042 1642 1147 1689 eono-

118 1723 178 1799 tur,
192 1717 314 1815 (mque
329 1715 422 1788 enim
434 1741 510 1788 esse
521 1715 660 1810 mirum,
673 1715 708 1786 si
720 1714 757 1788 in
771 1714 874 1787 tenth
889 1713 1052 1787 socordih
1064 1714 1148 1788 uicti

115 1810 204 1908 nm)
221 1832 253 1888 et
272 1815 344 1914 quel
365 1815 504 1888 ratioree
525 1815 652 1888 bellum
674 1813 865 1888 rectissimi
888 1813 1146 1905 administrent,

116 1909 220 1988 locet:
231 1916 339 2012 jubet
355 1932 472 1988 niuem
484 1914 650 2012 geminus
670 1915 789 2014 copias
809 1912 1032 2014 conmururi:
1058 1913 1145 1986 ulte·

114 2035 168 2084 ros
184 2017 332 2111 meumes
355 2014 526 2102 urbanus,
545 2041 620 2115 quo
642 2015 735 2087 domi
745 2027 933 2101 moneant,
943 2013 992 2096 ‚in
1012 2038 1146 2085 omnem
1269 2071 1278 2080 .

113 2128 254 2187 euentum
268 2129 413 2214 parone
421 2146 437 2200 ;
465 2114 600 2188 alteros
619 2114 781 2202 minores,
800 2139 874 2212 qun
892 2110 1064 2184 militibus
1079 2138 1144 2210 pe·
1275 2155 1283 2172 ι

112 2213 253 2308 regrinis
269 2229 437 2300 omestent,
449 2215 629 2312 permiste
646 2213 789 2301 ciuibus,
808 2227 843 2284 et
858 2239 936 2286 eum
953 2210 1145 2284 euereitnm
1252 2228 1256 2240 ’

111 2335 171 2384 uon
192 2312 348 2387 Athenis
372 2335 527 2403 monere,
547 2339 657 2412 neque
682 2340 726 2386 eu
751 2312 837 2386 urbe
862 2339 960 2410 opem
985 2313 1145 2410 conferre

100 2409 202 2503 jubet,
221 2416 287 2486 sed
311 2413 405 2488 eirea
432 2412 683 2488 Macedonium
710 2411 857 2498 versari,
878 2411 1144 2510 belligerantem

110 2511 323 2600 continentir,
339 2514 488 2608 nestotu
507 2512 719 2588 Etesiarum
737 2512 931 2612 Philippus
947 2511 1143 2602 observato,
1195 2552 1203 2565 ·

109 2626 163 2683 out
181 2612 286 2686 etium
301 2612 421 2700 hieme,
440 2614 517 2687 mim
542 2612 698 2687 Athenis
720 2614 757 2685 in
775 2611 1026 2686 Macedonium
1042 2609 1142 2684 novi·

105 2711 182 2805 gari
201 2738 271 2786 non
284 2713 416 2813 possit,
434 2739 508 2786 rem
530 2713 779 2810 aggrediatur,
797 2726 841 2796 et,
854 2735 923 2808 per
945 2707 1142 2781 absentium

107 2809 376 2900 Atheniensium,
403 2812 520 2886 munia
551 2811 728 2885 obtinent.-
762 2810 827 2881 sed
853 2807 1054 2893 enueitum,
1081 2807 1143 2904 qui

107 2934 174 2984 mm
186 2938 223 2984 eo
236 2912 384 3000 dimicet,
398 2913 550 2986 vicinum
560 2912 685 3010 potius
700 2909 732 2982 ei
744 2934 819 2981 esse
836 2921 995 3007 oportere
1011 2921 1139 2980 censet.

202 3473 223 3487 ”
300 3520 480 3594 Amoo
506 3514 929 3592 Auoounnuom

587 3707 639 3756 EX
741 3723 747 3730 ·

410 3841 810 3923 TOURRELLO.

98 4008 402 4124 Demonnesos,
426 4039 576 4136 triginta
603 4061 717 4108 annos
739 4035 1029 4206 nutusfrimom
1057 4063 1135 4110 oon·

100 4153 149 4211 tro
171 4139 377 4236 Philippum
403 4138 609 4210 Orationem
625 4135 759 4221 hebuit,
781 4135 861 4208 Arc
885 4151 965 4206 orele
987 4135 1134 4212 Aristo·

579 4245 649 4318 21,
