2896 5054
299 399 368 482 178
693 369 929 472 norsum

295 595 366 670 que
392 570 485 644 illius
512 595 629 644 rerum
658 584 837 668 gestarum
869 569 1053 643 historiam
1084 566 1341 666 conscripserit,

295 671 511 757 Articulum,
529 671 590 769 qui
606 671 725 746 deesse
741 671 932 757 videbatur,
951 683 1034 744 unte
1050 667 1229 772 αὲαὸῤῥηιαν
1244 668 1343 740 resti·

296 769 529 861 tuiexPith.
548 785 583 844 et
600 769 695 845 Ben.
712 808 747 848 α.
766 805 792 847 ε.
812 805 842 861 η.
862 765 902 846 θλ.
935 771 1105 870 Ejusdem
1122 803 1158 843 α.
1177 771 1217 864 β.
1237 801 1262 843 ε.
1281 765 1343 845 κα·

296 869 516 950 ιασαυάααι
532 871 709 957 exhibent,
737 885 778 943 ut
792 884 829 943 et
847 867 948 942 Pitt.
966 885 1003 943 et
1024 867 1204 963 Wlfioor
1239 900 1343 944 κατα·

297 968 462 1048 σκευάσαι
474 969 563 1044 Ald.
588 969 693 1044 Voss,
707 969 829 1044 Laud.
845 984 881 1043 et
898 967 1052 1042 Borocc.

346 1069 388 1142 P.
404 1071 466 1144 38.
484 1072 508 1143 l.
522 1073 545 1142 4
561 1085 596 1144 et
609 1073 646 1144 5.
675 1071 863 1154 Ποτίδαιαν,
881 1072 986 1147 οὖσαν
998 1063 1168 1174 ἡμετέραν]
1201 1066 1259 1138 De
1276 1065 1341 1138 Po-

296 1170 403 1243 tidoesi
418 1171 496 1242 vide
508 1169 623 1246 Notas
636 1174 741 1269 suprb
757 1197 790 1269 p.
808 1170 888 1242 120.
924 1167 1193 1242 Corinthiorum
1213 1166 1283 1262 (uti
1294 1166 1342 1238 ibi

298 1270 466 1366 diximus)
486 1270 625 1344 colonia
637 1269 870 1357 iuerat3tunc
882 1269 1051 1363 temporis
1064 1266 1342 1342 Atheniensibus

297 1369 463 1442 societate
479 1384 553 1442 erat
570 1371 768 1466 conjuncta,
787 1369 1040 1468 quibusetiam
1057 1368 1233 1441 tributum
1258 1391 1341 1465 pen-

296 1470 425 1556 debat;
451 1474 574 1567 posteb
605 1475 686 1544 verb
719 1473 762 1542 ab
797 1471 839 1543 iis
874 1467 1012 1543 deiecit.
1064 1467 1275 1541 Potidaeatae
1299 1467 1341 1539 ab

295 1568 574 1643 Atheniensibus
602 1570 747 1656 obsessi,
765 1569 994 1655 victi-domo
1021 1567 1112 1667 pulsi
1141 1568 1208 1639 sub
1235 1566 1342 1638 linem

296 1670 381 1742 anni
399 1669 460 1742 2di
477 1670 560 1742 belli
575 1669 873 1768 Peloponnesiaci,
892 1670 928 1742 in
946 1694 1070 1767 agrum
1084 1666 1343 1754 Chalcidicum,

223 1783 237 1804 ¹
296 1783 332 1842 et
348 1795 420 1866 quo
436 1769 584 1868 quisque
598 1770 863 1868 potuit,abiese.
888 1862 891 1868 ι
916 1768 1152 1842 Athenienses
1165 1767 1342 1839 coloniam

295 1869 332 1940 in
350 1868 547 1942 Potidaearn
566 1871 756 1956 deducunt,
788 1893 935 1968 eamque
951 1869 1124 1942 incolunt.
1183 1863 1341 1964 Thucyd.

296 1968 358 2041 lib.
370 1969 409 2041 ii.
428 1996 462 2068 p.
483 1971 567 2044 245.
620 1969 663 2043 In
681 1973 723 2043 ei
740 1970 846 2043 etiam
872 1982 947 2042 erat
972 1967 1173 2067 praesidium
1192 1965 1342 2039 Atheni·

174 2131 176 2138 ,
286 2093 390 2154 ense,
410 2069 505 2168 quod
524 2069 707 2167 Philippus
737 2095 781 2144 ex
803 2070 889 2142 urbe
915 2068 1072 2156 deduxit,
1098 2081 1135 2140 et
1152 2066 1343 2140 clementer

296 2181 486 2242 tractatum
503 2168 663 2244 Athenas
680 2170 828 2243 remisit.
858 2165 972 2243 Diod.
991 2169 1016 2241 l.
1035 2168 1105 2240 xvi.

345 2268 401 2340 Ib.
421 2269 445 2340 l.
458 2270 480 2340 5
494 2281 529 2342 et
542 2270 578 2342 6.
610 2267 701 2360 Τιὰς
711 2274 770 2374 μὲν
782 2269 931 2372 ’πρότερον
943 2303 1014 2370 cup
1058 2267 1140 2365 ’χες
1154 2266 1259 2372 ἧμας]
1282 2265 1342 2338 Al·

294 2367 403 2450 terius
414 2368 564 2466 membri
574 2383 791 2445 summaest:
806 2369 989 2468 Philippus
995 2303 1184 2466 (iiiutbios
1193 2368 1236 2440 ad
1244 2391 1342 2439 suam

295 2465 490 2540 arnicitiam
504 2468 656 2565 pellexit.
668 2469 888 2562 Quomodo?
914 2469 1109 2542 Potidaeam
1126 2481 1283 2540 nostram
1298 2466 1343 2538 ci·

295 2566 440 2640 vitatem
453 2568 484 2639 vi
498 2580 637 2667 ceptam
648 2569 803 2656 abstulit,
814 2569 865 2666 (in
875 2595 949 2668 quo
960 2570 1067 2642 fidem
1082 2568 1259 2641 societatis
1273 2567 1343 2639 vio-

286 2665 390 2754 lavit,
405 2679 441 2740 et
453 2667 555 2742 variis
568 2668 880 2767 pollicitationibus
892 2695 957 2743 nos
967 2665 1342 2766 circumvenit,)Olyn-

295 2767 380 2840 tbiis
396 2767 550 2842 tradidit.
576 2769 707 2843 Nullus
722 2770 907 2870 scrupulus
923 2769 1077 2869 reliquus
1087 2782 1152 2853 est,
1167 2769 1278 2841 modb
1290 2769 1341 2840 in·

295 2867 445 2965 telligas,
463 2893 505 2942 eo
524 2884 693 2968 ternpore,
712 2897 783 2970 quo
800 2872 869 2944 ista
896 2870 989 2944 iacta
1013 2883 1107 2954 sunt,
1138 2869 1356 2966 Philippum-

296 2964 404 3042 fnisse
414 2969 692 3043 Atheniensium
709 2972 861 3066 socium,
912 2970 955 3044 In
980 2969 1140 3068 Epistola
1156 2972 1252 3042 certe
1268 2967 1342 3066 qui·

286 3065 381 3138 dem
397 3069 621 3142 subscribit:
650 3070 686 3147 ἵν’
711 3068 726 3145 ε’
754 3075 910 3176 μείνωμεν
939 3072 1008 3159 τοῖς
1033 3068 1154 3170 ὅρκοις,
1185 3073 1245 3148 καὶ
1271 3069 1344 3157 ταῖς

297 3165 509 3269 ὁμολογίαις,
527 3201 562 3245 κ.
576 3203 608 3246 r·
621 3185 658 3246 λ.
739 3169 783 3242 ed
800 3169 1039 3268 Chronologia
1055 3168 1202 3243 fortasse
1219 3191 1342 3266 repug-

297 3277 370 3338 nat.
425 3266 512 3339 Post
527 3268 565 3345 ιδ
585 3271 679 3374 ἡμᾶς
704 3270 886 3344 asteriscus
902 3270 1041 3343 additus
1058 3269 1190 3343 indicat
1206 3269 1342 3342 dubita·

295 3377 374 3438 tum
392 3389 467 3440 esse
483 3366 527 3440 de
543 3369 705 3444 lectione.
734 3369 833 3462 Quid
846 3371 874 3443 si
895 3372 1003 3477 ipsiu
1030 3384 1070 3443 ut
1086 3371 1128 3450 de
1141 3369 1342 3443 Potidaeutis

293 3465 521 3563 intelligatur,
538 3470 641 3544 sociis
653 3470 941 3544 Atheniensium.
980 3470 1049 3544 Sed
1067 3473 1150 3543 chm
1169 3471 1343 3548 Ποτίδαιαν

293 3566 384 3644 ἕσαν
397 3566 549 3674 ἡμετέραν
564 3572 752 3670 praecedat,
769 3570 916 3644 fortasse
933 3571 1058 3668 purhm
1075 3571 1251 3656 convenit,
1270 3593 1342 3642 eos-

295 3667 376 3752 dem
395 3683 431 3738 et
449 3669 598 3757 ὁπηκὸες
614 3671 856 3777 εῐσυμμᾶχὸς
872 3671 952 3744 dici.
979 3667 1050 3744 Sed
1066 3672 1143 3744 haec
1160 3670 1340 3744 hactenhs.

301 3765 470 3860 Wolfins.
499 3767 797 3863 [Dubitstionem
826 3796 932 3869 quam
963 3769 1120 3866 Wolfius
1149 3771 1340 3869 proposuit,

287 3866 370 3965 ipse
387 3866 511 3944 eximit
526 3868 795 3956 Demosthenes,
815 3887 920 3969 atque
945 3871 1033 3944 adeb
1049 3870 1272 3944 Scholiasten
1290 3895 1340 3942 re-

258 4043 271 4082 ,
294 3964 394 4053 tellit,
412 3968 472 4064 qui
490 3992 552 4066 per
576 3969 772 4074 συμμᾶχιις
788 3971 999 4044 Potidaestas
1014 3971 1190 4070 intelligit,
1210 3970 1341 4044 scilicet

294 4091 357 4163 pro
376 4067 465 4172 ἡμᾶς
489 4068 637 4167 legendo
668 4073 772 4178 ἡμῶν.
826 4071 970 4146 Etenim
987 4097 1043 4144 ,ex
1069 4073 1143 4169 ejus
1170 4071 1340 4146 Oratione

296 4167 596 4270 respl’Aaorn'cep.
612 4171 671 4244 49.
696 4171 764 4245 Ed.
777 4170 1131 4247 Bm.discimusnon
1146 4172 1263 4246 solinn
1275 4171 1338 4244 Po·
1435 4257 1436 4260 Ἴ
