<?xml version="1.0" encoding="UTF-8"?>
<!DOCTYPE html PUBLIC "-//W3C//DTD XHTML 1.0 Transitional//EN"
    "http://www.w3.org/TR/xhtml1/DTD/xhtml1-transitional.dtd">
<html xmlns="http://www.w3.org/1999/xhtml" xml:lang="en" lang="en">
 <head>
  <title>
</title>
<meta http-equiv="Content-Type" content="text/html;charset=utf-8" />
  <meta name='ocr-system' content='tesseract 3.04.00' />
  <meta name='ocr-capabilities' content='ocr_page ocr_carea ocr_par ocr_line ocrx_word'/>
</head>
<body>
  <div class='ocr_page' id='page_1' title='image "./demosthenissele00demogoog/demosthenissele00demogoog_0316.png"; bbox 0 0 2902 5044; ppageno 0'>
   <div class='ocr_carea' id='block_1_1' title="bbox 413 339 1173 478">
    <p class='ocr_par' dir='ltr' id='par_1_1' title="bbox 413 339 1173 478">
     <span class='ocr_line' id='line_1_1' title="bbox 413 339 1173 478; baseline 0.001 -24"><span class='ocrx_word' id='word_1_1' title='bbox 413 378 790 478; x_wconf 75' lang='lat' dir='ltr'><strong>orrurnmcnu</strong></span> <span class='ocrx_word' id='word_1_2' title='bbox 816 379 881 456; x_wconf 92' lang='lat'><strong>111.</strong></span> <span class='ocrx_word' id='word_1_3' title='bbox 1102 339 1173 468; x_wconf 75' lang='lat' dir='ltr'><strong>asi</strong></span> 
     </span>
    </p>
   </div>
   <div class='ocr_carea' id='block_1_2' title="bbox 115 551 1226 3730">
    <p class='ocr_par' dir='ltr' id='par_1_2' title="bbox 136 551 1174 846">
     <span class='ocr_line' id='line_1_2' title="bbox 136 551 1173 652; baseline 0 -26"><span class='ocrx_word' id='word_1_4' title='bbox 136 573 232 626; x_wconf 75' lang='lat' dir='ltr'><strong>auem</strong></span> <span class='ocrx_word' id='word_1_5' title='bbox 249 565 285 624; x_wconf 92' lang='lat' dir='ltr'><strong>et</strong></span> <span class='ocrx_word' id='word_1_6' title='bbox 294 552 508 640; x_wconf 85' lang='lat' dir='ltr'><strong>simulatam,</strong></span> <span class='ocrx_word' id='word_1_7' title='bbox 520 553 727 652; x_wconf 84' lang='lat' dir='ltr'><strong>significare.</strong></span> <span class='ocrx_word' id='word_1_8' title='bbox 753 554 861 646; x_wconf 88' lang='lat' dir='ltr'><strong>Quod</strong></span> <span class='ocrx_word' id='word_1_9' title='bbox 877 551 1065 626; x_wconf 83' lang='lat' dir='ltr'><strong>discrimen</strong></span> <span class='ocrx_word' id='word_1_10' title='bbox 1077 552 1173 626; x_wconf 87' lang='lat' dir='ltr'><strong>sicui</strong></span> 
     </span>
     <span class='ocr_line' id='line_1_3' title="bbox 138 648 1174 758; baseline 0.003 -37"><span class='ocrx_word' id='word_1_11' title='bbox 138 648 297 748; x_wconf 88' lang='lat' dir='ltr'><strong>displicet,</strong></span> <span class='ocrx_word' id='word_1_12' title='bbox 322 656 524 758; x_wconf 71' lang='lat' dir='ltr'><strong>eulampius</strong></span> <span class='ocrx_word' id='word_1_13' title='bbox 546 667 581 726; x_wconf 90' lang='lat' dir='ltr'><strong>et</strong></span> <span class='ocrx_word' id='word_1_14' title='bbox 598 653 701 726; x_wconf 89' lang='lat' dir='ltr'><strong>verba</strong></span> <span class='ocrx_word' id='word_1_15' title='bbox 728 653 822 726; x_wconf 91' lang='lat' dir='ltr'><strong>idern</strong></span> <span class='ocrx_word' id='word_1_16' title='bbox 840 651 1075 751; x_wconf 83' lang='lat' dir='ltr'><strong>significantia</strong></span> <span class='ocrx_word' id='word_1_17' title='bbox 1099 677 1174 726; x_wconf 87' lang='lat' dir='ltr'><strong>esse</strong></span> 
     </span>
     <span class='ocr_line' id='line_1_4' title="bbox 137 746 939 846; baseline 0.004 -24"><span class='ocrx_word' id='word_1_18' title='bbox 137 747 228 824; x_wconf 84' lang='lat' dir='ltr'><strong>dicat.</strong></span> <span class='ocrx_word' id='word_1_19' title='bbox 261 746 430 846; x_wconf 80' lang='lat' dir='ltr'><strong>erstus.</strong></span> <span class='ocrx_word' id='word_1_20' title='bbox 930 759 939 770; x_wconf 79' lang='grc'><strong><em>’</em></strong></span> 
     </span>
    </p>

    <p class='ocr_par' dir='ltr' id='par_1_3' title="bbox 131 847 1181 1440">
     <span class='ocr_line' id='line_1_5' title="bbox 177 847 1181 956; baseline 0.006 -35"><span class='ocrx_word' id='word_1_21' title='bbox 177 847 214 923; x_wconf 85' lang='grc' dir='ltr'><strong>Ρ.</strong></span> <span class='ocrx_word' id='word_1_22' title='bbox 228 850 291 924; x_wconf 88' lang='grc'><strong>93.</strong></span> <span class='ocrx_word' id='word_1_23' title='bbox 309 851 334 922; x_wconf 93' lang='lat' dir='ltr'><strong>l.</strong></span> <span class='ocrx_word' id='word_1_24' title='bbox 356 851 398 924; x_wconf 78' lang='grc'><strong>14</strong></span> <span class='ocrx_word' id='word_1_25' title='bbox 412 865 448 926; x_wconf 86' lang='lat' dir='ltr'><strong>et</strong></span> <span class='ocrx_word' id='word_1_26' title='bbox 462 854 519 924; x_wconf 85' lang='lat'><strong>15.</strong></span> <span class='ocrx_word' id='word_1_27' title='bbox 538 852 607 929; x_wconf 78' lang='lat' dir='ltr'><strong>’Eu</strong></span> <span class='ocrx_word' id='word_1_28' title='bbox 623 857 686 930; x_wconf 73' lang='grc' dir='ltr'><strong>τῶν</strong></span> <span class='ocrx_word' id='word_1_29' title='bbox 702 853 787 956; x_wconf 58' lang='lat' dir='ltr'><strong>apo}</strong></span> <span class='ocrx_word' id='word_1_30' title='bbox 799 851 907 941; x_wconf 57' lang='lat' dir='ltr'><strong>adra}</strong></span> <span class='ocrx_word' id='word_1_31' title='bbox 925 847 1181 956; x_wconf 65' lang='lat' dir='ltr'><strong>s&#39;yrthnpo&#39;rrcr}</strong></span> 
     </span>
     <span class='ocr_line' id='line_1_6' title="bbox 136 944 1174 1052; baseline 0.003 -32"><span class='ocrx_word' id='word_1_32' title='bbox 136 944 188 1020; x_wconf 92' lang='lat' dir='ltr'><strong>Ob</strong></span> <span class='ocrx_word' id='word_1_33' title='bbox 202 948 354 1022; x_wconf 87' lang='lat' dir='ltr'><strong>crimina</strong></span> <span class='ocrx_word' id='word_1_34' title='bbox 368 951 464 1025; x_wconf 86' lang='lat' dir='ltr'><strong>illata</strong></span> <span class='ocrx_word' id='word_1_35' title='bbox 476 951 542 1024; x_wconf 83' lang='lat' dir='ltr'>sibi</span> <span class='ocrx_word' id='word_1_36' title='bbox 553 956 574 1026; x_wconf 75' lang='lat' dir='ltr'><strong>b</strong></span> <span class='ocrx_word' id='word_1_37' title='bbox 586 950 760 1052; x_wconf 88' lang='lat' dir='ltr'><strong>Philippo,</strong></span> <span class='ocrx_word' id='word_1_38' title='bbox 772 953 830 1050; x_wconf 92' lang='lat' dir='ltr'><strong>qui</strong></span> <span class='ocrx_word' id='word_1_39' title='bbox 845 962 904 1023; x_wconf 79' lang='lat' dir='ltr'><strong>e&#39;os</strong></span> <span class='ocrx_word' id='word_1_40' title='bbox 918 963 958 1023; x_wconf 92' lang='lat' dir='ltr'><strong>ut</strong></span> <span class='ocrx_word' id='word_1_41' title='bbox 974 950 1124 1048; x_wconf 90' lang='lat' dir='ltr'><strong>perfidos</strong></span> <span class='ocrx_word' id='word_1_42' title='bbox 1137 964 1174 1023; x_wconf 91' lang='lat' dir='ltr'><strong>et</strong></span> 
     </span>
     <span class='ocr_line' id='line_1_7' title="bbox 135 1045 1170 1149; baseline 0.004 -31"><span class='ocrx_word' id='word_1_43' title='bbox 135 1045 328 1146; x_wconf 83' lang='lat' dir='ltr'><strong>loedilragos</strong></span> <span class='ocrx_word' id='word_1_44' title='bbox 354 1049 568 1137; x_wconf 84' lang='lat' dir='ltr'><strong>criminatur,</strong></span> <span class='ocrx_word' id='word_1_45' title='bbox 595 1054 644 1124; x_wconf 92' lang='lat' dir='ltr'><strong>ob</strong></span> <span class='ocrx_word' id='word_1_46' title='bbox 661 1077 783 1149; x_wconf 86' lang='lat' dir='ltr'><strong>pacem</strong></span> <span class='ocrx_word' id='word_1_47' title='bbox 812 1050 996 1124; x_wconf 88' lang='lat' dir='ltr'><strong>nobiscum</strong></span> <span class='ocrx_word' id='word_1_48' title='bbox 1029 1048 1170 1124; x_wconf 84' lang='lat' dir='ltr'><strong>factam.</strong></span> 
     </span>
     <span class='ocr_line' id='line_1_8' title="bbox 135 1143 1173 1252; baseline 0.015 -34"><span class='ocrx_word' id='word_1_49' title='bbox 135 1143 252 1220; x_wconf 85' lang='lat' dir='ltr'><strong>Sinon</strong></span> <span class='ocrx_word' id='word_1_50' title='bbox 272 1148 357 1252; x_wconf 68' lang='lat' dir='ltr'><strong>rrpdf</strong></span> <span class='ocrx_word' id='word_1_51' title='bbox 373 1147 478 1238; x_wconf 61' lang='lat' dir='ltr'><strong>adrdg</strong></span> <span class='ocrx_word' id='word_1_52' title='bbox 495 1152 556 1224; x_wconf 80' lang='lat' dir='ltr'><strong>sed</strong></span> <span class='ocrx_word' id='word_1_53' title='bbox 573 1152 656 1249; x_wconf 70' lang='grc' dir='ltr'><strong>πρδς</strong></span> <span class='ocrx_word' id='word_1_54' title='bbox 671 1152 769 1229; x_wconf 78' lang='lat' dir='ltr'><strong>atirdr</strong></span> <span class='ocrx_word' id='word_1_55' title='bbox 790 1151 973 1246; x_wconf 66' lang='lat' dir='ltr'><strong>legeretur,</strong></span> <span class='ocrx_word' id='word_1_56' title='bbox 1000 1149 1173 1222; x_wconf 59' lang='lat' dir='ltr'><strong>sententia</strong></span> 
     </span>
     <span class='ocr_line' id='line_1_9' title="bbox 132 1247 1171 1348; baseline 0.003 -31"><span class='ocrx_word' id='word_1_57' title='bbox 132 1260 224 1332; x_wconf 70' lang='lat' dir='ltr'><strong>eset,</strong></span> <span class='ocrx_word' id='word_1_58' title='bbox 243 1261 386 1347; x_wconf 90' lang='lat' dir='ltr'><strong>propter</strong></span> <span class='ocrx_word' id='word_1_59' title='bbox 401 1249 555 1345; x_wconf 86' lang='lat' dir='ltr'><strong>injurias,</strong></span> <span class='ocrx_word' id='word_1_60' title='bbox 580 1251 706 1348; x_wconf 87' lang='lat' dir='ltr'><strong>quibus</strong></span> <span class='ocrx_word' id='word_1_61' title='bbox 733 1274 770 1322; x_wconf 89' lang='lat' dir='ltr'><strong>se</strong></span> <span class='ocrx_word' id='word_1_62' title='bbox 795 1251 841 1322; x_wconf 91' lang='lat' dir='ltr'><strong>ab</strong></span> <span class='ocrx_word' id='word_1_63' title='bbox 867 1275 909 1322; x_wconf 90' lang='lat' dir='ltr'><strong>eo</strong></span> <span class='ocrx_word' id='word_1_64' title='bbox 937 1247 1080 1322; x_wconf 88' lang='lat' dir='ltr'><strong>affectos</strong></span> <span class='ocrx_word' id='word_1_65' title='bbox 1096 1273 1171 1322; x_wconf 90' lang='lat' dir='ltr'><strong>esse</strong></span> 
     </span>
     <span class='ocr_line' id='line_1_10' title="bbox 131 1343 473 1440; baseline 0.018 -25"><span class='ocrx_word' id='word_1_66' title='bbox 131 1361 330 1440; x_wconf 85' lang='lat' dir='ltr'><strong>queruntur.</strong></span> <span class='ocrx_word' id='word_1_67' title='bbox 360 1343 473 1421; x_wconf 68' lang='lat' dir='ltr'><strong>Idan.</strong></span> 
     </span>
    </p>

    <p class='ocr_par' dir='ltr' id='par_1_4' title="bbox 125 1442 1226 1940">
     <span class='ocr_line' id='line_1_11' title="bbox 170 1442 1170 1545; baseline 0.002 -29"><span class='ocrx_word' id='word_1_68' title='bbox 170 1442 222 1516; x_wconf 91' lang='lat' dir='ltr'><strong>Ib.</strong></span> <span class='ocrx_word' id='word_1_69' title='bbox 239 1444 265 1518; x_wconf 92' lang='lat' dir='ltr'><strong>l.</strong></span> <span class='ocrx_word' id='word_1_70' title='bbox 286 1447 343 1517; x_wconf 89' lang='lat'><strong>16.</strong></span> <span class='ocrx_word' id='word_1_71' title='bbox 362 1445 587 1542; x_wconf 76' lang='grc' dir='ltr'><strong>Πεπὸνθασιν]</strong></span> <span class='ocrx_word' id='word_1_72' title='bbox 628 1448 664 1522; x_wconf 92' lang='grc' dir='ltr'>Α</span> <span class='ocrx_word' id='word_1_73' title='bbox 677 1446 827 1545; x_wconf 69' lang='grc' dir='ltr'>πάσχω,</span> <span class='ocrx_word' id='word_1_74' title='bbox 846 1448 897 1519; x_wconf 90' lang='lat' dir='ltr'><strong>vel</strong></span> <span class='ocrx_word' id='word_1_75' title='bbox 909 1447 1055 1544; x_wconf 87' lang='lat' dir='ltr'><strong>antiquo</strong></span> <span class='ocrx_word' id='word_1_76' title='bbox 1066 1446 1170 1519; x_wconf 90' lang='lat' dir='ltr'><strong>verbo</strong></span> 
     </span>
     <span class='ocr_line' id='line_1_12' title="bbox 126 1539 1172 1645; baseline 0.002 -29"><span class='ocrx_word' id='word_1_77' title='bbox 126 1539 237 1620; x_wconf 71' lang='grc' dir='ltr'><strong><em>πένθω.</em></strong></span> <span class='ocrx_word' id='word_1_78' title='bbox 291 1543 478 1642; x_wconf 85' lang='lat' dir='ltr'><strong>Colligitur</strong></span> <span class='ocrx_word' id='word_1_79' title='bbox 500 1571 542 1618; x_wconf 89' lang='lat' dir='ltr'><strong>ex</strong></span> <span class='ocrx_word' id='word_1_80' title='bbox 558 1548 626 1620; x_wconf 92' lang='lat' dir='ltr'><strong>hoc</strong></span> <span class='ocrx_word' id='word_1_81' title='bbox 643 1542 733 1633; x_wconf 51' lang='lat' dir='ltr'><strong>locoss</strong></span> <span class='ocrx_word' id='word_1_82' title='bbox 753 1573 824 1620; x_wconf 90' lang='lat' dir='ltr'><strong>non</strong></span> <span class='ocrx_word' id='word_1_83' title='bbox 851 1547 946 1620; x_wconf 88' lang='lat' dir='ltr'><strong>inani</strong></span> <span class='ocrx_word' id='word_1_84' title='bbox 973 1544 1172 1645; x_wconf 76' lang='lat' dir='ltr'><strong>suspicione</strong></span> 
     </span>
     <span class='ocr_line' id='line_1_13' title="bbox 127 1640 1169 1750; baseline 0.003 -37"><span class='ocrx_word' id='word_1_85' title='bbox 127 1640 292 1739; x_wconf 87' lang='lat' dir='ltr'><strong>impulsos</strong></span> <span class='ocrx_word' id='word_1_86' title='bbox 310 1642 499 1742; x_wconf 76' lang='lat' dir='ltr'><strong>Olynthios</strong></span> <span class='ocrx_word' id='word_1_87' title='bbox 513 1671 634 1743; x_wconf 83' lang='lat' dir='ltr'><strong>pacem</strong></span> <span class='ocrx_word' id='word_1_88' title='bbox 645 1646 768 1718; x_wconf 82' lang='lat' dir='ltr'><strong>iecisse</strong></span> <span class='ocrx_word' id='word_1_89' title='bbox 778 1671 860 1718; x_wconf 90' lang='lat' dir='ltr'><strong>cum</strong></span> <span class='ocrx_word' id='word_1_90' title='bbox 873 1643 1169 1750; x_wconf 75' lang='lat' dir='ltr'><strong>Atheniensibusr</strong></span> 
     </span>
     <span class='ocr_line' id='line_1_14' title="bbox 125 1741 1170 1842; baseline -0.001 -28"><span class='ocrx_word' id='word_1_91' title='bbox 125 1742 182 1814; x_wconf 89' lang='lat' dir='ltr'><strong>sed</strong></span> <span class='ocrx_word' id='word_1_92' title='bbox 197 1767 242 1814; x_wconf 85' lang='lat' dir='ltr'><strong>ex</strong></span> <span class='ocrx_word' id='word_1_93' title='bbox 258 1743 433 1842; x_wconf 84' lang='lat' dir='ltr'><strong>aliquibus</strong></span> <span class='ocrx_word' id='word_1_94' title='bbox 449 1745 516 1818; x_wconf 87' lang='lat' dir='ltr'><strong>sibi</strong></span> <span class='ocrx_word' id='word_1_95' title='bbox 529 1743 629 1819; x_wconf 83' lang='lat' dir='ltr'><strong>lactis</strong></span> <span class='ocrx_word' id='word_1_96' title='bbox 644 1744 779 1841; x_wconf 91' lang='lat' dir='ltr'><strong>injuriis</strong></span> <span class='ocrx_word' id='word_1_97' title='bbox 791 1743 1005 1842; x_wconf 85' lang='lat' dir='ltr'><strong>perspexisse</strong></span> <span class='ocrx_word' id='word_1_98' title='bbox 1016 1741 1170 1839; x_wconf 91' lang='lat' dir='ltr'><strong>Philippi</strong></span> 
     </span>
     <span class='ocr_line' id='line_1_15' title="bbox 127 1841 1226 1940; baseline 0.005 -28"><span class='ocrx_word' id='word_1_99' title='bbox 127 1855 292 1927; x_wconf 88' lang='lat' dir='ltr'><strong>merrtem,</strong></span> <span class='ocrx_word' id='word_1_100' title='bbox 312 1844 468 1939; x_wconf 83' lang='lat' dir='ltr'><strong>graviora</strong></span> <span class='ocrx_word' id='word_1_101' title='bbox 482 1845 683 1940; x_wconf 80' lang='lat' dir='ltr'><strong>cogitantis.</strong></span> <span class='ocrx_word' id='word_1_102' title='bbox 715 1841 826 1916; x_wconf 83' lang='lat' dir='ltr'><em>Idem.</em></span> <span class='ocrx_word' id='word_1_103' title='bbox 1108 1891 1111 1896; x_wconf 89' lang='lat'>·</span> <span class='ocrx_word' id='word_1_104' title='bbox 1223 1915 1226 1931; x_wconf 82' lang='grc'>,</span> 
     </span>
    </p>

    <p class='ocr_par' dir='ltr' id='par_1_5' title="bbox 119 1940 1172 3134">
     <span class='ocr_line' id='line_1_16' title="bbox 169 1940 1172 2050; baseline 0.011 -39"><span class='ocrx_word' id='word_1_105' title='bbox 169 1940 208 2014; x_wconf 90' lang='grc' dir='ltr'><strong>Ρ.</strong></span> <span class='ocrx_word' id='word_1_106' title='bbox 224 1941 287 2014; x_wconf 82' lang='grc'><strong>94.</strong></span> <span class='ocrx_word' id='word_1_107' title='bbox 306 1943 331 2013; x_wconf 92' lang='lat' dir='ltr'><strong>l.</strong></span> <span class='ocrx_word' id='word_1_108' title='bbox 346 1943 460 2016; x_wconf 71' lang='lat' dir='ltr'><strong>tet3.</strong></span> <span class='ocrx_word' id='word_1_109' title='bbox 505 1944 641 2048; x_wconf 75' lang='lat' dir='ltr'><strong>Er&#39;yclp,</strong></span> <span class='ocrx_word' id='word_1_110' title='bbox 659 1942 709 2020; x_wconf 67' lang='grc' dir='ltr'><strong>ἔθ’</strong></span> <span class='ocrx_word' id='word_1_111' title='bbox 727 1941 846 2050; x_wconf 71' lang='grc' dir='ltr'><em>ἥκομεν</em></span> <span class='ocrx_word' id='word_1_112' title='bbox 872 1941 1038 2047; x_wconf 67' lang='grc' dir='ltr'><strong><em>ῌὸἔοεὸσι</em></strong></span> <span class='ocrx_word' id='word_1_113' title='bbox 1055 1943 1172 2040; x_wconf 63' lang='grc' dir='ltr'><strong><em>βεὲοη·</em></strong></span> 
     </span>
     <span class='ocr_line' id='line_1_17' title="bbox 124 2038 1172 2141; baseline 0.002 -27"><span class='ocrx_word' id='word_1_114' title='bbox 124 2038 268 2134; x_wconf 72' lang='grc' dir='ltr'><strong>θηκὸτες]</strong></span> <span class='ocrx_word' id='word_1_115' title='bbox 310 2039 455 2141; x_wconf 88' lang='lat' dir='ltr'><strong>Olymp.</strong></span> <span class='ocrx_word' id='word_1_116' title='bbox 475 2066 537 2116; x_wconf 88' lang='lat' dir='ltr'><strong>cv.</strong></span> <span class='ocrx_word' id='word_1_117' title='bbox 552 2044 649 2118; x_wconf 87' lang='lat' dir='ltr'><strong>Ann.</strong></span> <span class='ocrx_word' id='word_1_118' title='bbox 666 2045 703 2114; x_wconf 90' lang='lat'><strong>3.</strong></span> <span class='ocrx_word' id='word_1_119' title='bbox 728 2044 796 2116; x_wconf 89' lang='lat' dir='ltr'><strong>hoc</strong></span> <span class='ocrx_word' id='word_1_120' title='bbox 822 2048 886 2128; x_wconf 90' lang='lat' dir='ltr'><strong>est&#39;,</strong></span> <span class='ocrx_word' id='word_1_121' title='bbox 906 2067 1033 2115; x_wconf 90' lang='lat' dir='ltr'><strong>novem</strong></span> <span class='ocrx_word' id='word_1_122' title='bbox 1059 2067 1172 2126; x_wconf 29' lang='lat' dir='ltr'><strong>ann-os</strong></span> 
     </span>
     <span class='ocr_line' id='line_1_18' title="bbox 125 2139 1172 2226; baseline 0.004 -16"><span class='ocrx_word' id='word_1_123' title='bbox 125 2153 202 2212; x_wconf 80' lang='lat' dir='ltr'><strong>ante</strong></span> <span class='ocrx_word' id='word_1_124' title='bbox 212 2139 370 2213; x_wconf 83' lang='lat' dir='ltr'><strong>habitam</strong></span> <span class='ocrx_word' id='word_1_125' title='bbox 384 2142 476 2216; x_wconf 86' lang='lat' dir='ltr'><strong>hanc</strong></span> <span class='ocrx_word' id='word_1_126' title='bbox 486 2143 693 2226; x_wconf 85' lang='lat' dir='ltr'><strong>orationem,</strong></span> <span class='ocrx_word' id='word_1_127' title='bbox 705 2141 843 2216; x_wconf 79' lang='lat' dir='ltr'><strong>Euboea</strong></span> <span class='ocrx_word' id='word_1_128' title='bbox 853 2143 890 2212; x_wconf 93' lang='lat' dir='ltr'><strong>in</strong></span> <span class='ocrx_word' id='word_1_129' title='bbox 904 2143 990 2215; x_wconf 89' lang='lat' dir='ltr'><strong>duas</strong></span> <span class='ocrx_word' id='word_1_130' title='bbox 1001 2140 1172 2214; x_wconf 85' lang='lat' dir='ltr'><strong>factiones</strong></span> 
     </span>
     <span class='ocr_line' id='line_1_19' title="bbox 122 2237 1169 2339; baseline 0.002 -29"><span class='ocrx_word' id='word_1_131' title='bbox 122 2237 284 2311; x_wconf 84' lang='lat' dir='ltr'><strong>‹lietmcta</strong></span> <span class='ocrx_word' id='word_1_132' title='bbox 299 2239 379 2329; x_wconf 84' lang='lat' dir='ltr'><strong>fuit,</strong></span> <span class='ocrx_word' id='word_1_133' title='bbox 396 2267 544 2339; x_wconf 88' lang='lat' dir='ltr'><strong>quarum</strong></span> <span class='ocrx_word' id='word_1_134' title='bbox 558 2268 630 2316; x_wconf 90' lang='lat' dir='ltr'><strong>una</strong></span> <span class='ocrx_word' id='word_1_135' title='bbox 644 2242 909 2328; x_wconf 87' lang='lat' dir='ltr'><strong>Thebanorum,</strong></span> <span class='ocrx_word' id='word_1_136' title='bbox 928 2241 1036 2313; x_wconf 88' lang='lat' dir='ltr'><strong>altera</strong></span> <span class='ocrx_word' id='word_1_137' title='bbox 1056 2241 1169 2314; x_wconf 86' lang='lat' dir='ltr'><strong>Athe·</strong></span> 
     </span>
     <span class='ocr_line' id='line_1_20' title="bbox 123 2336 1167 2442; baseline 0.004 -34"><span class='ocrx_word' id='word_1_138' title='bbox 123 2336 308 2431; x_wconf 81' lang='lat' dir='ltr'><strong>niensium,</strong></span> <span class='ocrx_word' id='word_1_139' title='bbox 328 2364 432 2437; x_wconf 90' lang='lat' dir='ltr'><strong>opem</strong></span> <span class='ocrx_word' id='word_1_140' title='bbox 451 2341 660 2439; x_wconf 88' lang='lat' dir='ltr'><strong>imploravit.</strong></span> <span class='ocrx_word' id='word_1_141' title='bbox 712 2339 876 2414; x_wconf 87' lang='lat' dir='ltr'><strong>Thebani</strong></span> <span class='ocrx_word' id='word_1_142' title='bbox 893 2339 1076 2442; x_wconf 89' lang='lat' dir='ltr'><strong>principio,</strong></span> <span class='ocrx_word' id='word_1_143' title='bbox 1089 2340 1167 2414; x_wconf 91' lang='lat' dir='ltr'><strong>nul·</strong></span> 
     </span>
     <span class='ocr_line' id='line_1_21' title="bbox 120 2435 1169 2539; baseline 0.006 -31"><span class='ocrx_word' id='word_1_144' title='bbox 120 2435 159 2508; x_wconf 86' lang='lat' dir='ltr'><strong>lis</strong></span> <span class='ocrx_word' id='word_1_145' title='bbox 171 2437 362 2511; x_wconf 84' lang='lat' dir='ltr'><strong>obstaculis</strong></span> <span class='ocrx_word' id='word_1_146' title='bbox 379 2439 685 2526; x_wconf 84' lang='lat' dir='ltr'><strong>intercedentibus,</strong></span> <span class='ocrx_word' id='word_1_147' title='bbox 704 2467 779 2515; x_wconf 83' lang='lat' dir='ltr'><strong>suae</strong></span> <span class='ocrx_word' id='word_1_148' title='bbox 794 2440 885 2539; x_wconf 86' lang='lat' dir='ltr'><strong>parti</strong></span> <span class='ocrx_word' id='word_1_149' title='bbox 910 2440 1093 2514; x_wconf 86' lang='lat' dir='ltr'><strong>victoriam</strong></span> <span class='ocrx_word' id='word_1_150' title='bbox 1118 2440 1169 2514; x_wconf 83' lang='lat' dir='ltr'><strong>fa·</strong></span> 
     </span>
     <span class='ocr_line' id='line_1_22' title="bbox 120 2535 1171 2634; baseline 0.007 -28"><span class='ocrx_word' id='word_1_151' title='bbox 120 2535 183 2608; x_wconf 75' lang='lat' dir='ltr'><strong>cile</strong></span> <span class='ocrx_word' id='word_1_152' title='bbox 200 2543 461 2634; x_wconf 70' lang='lat' dir='ltr'><strong>compulssunt.</strong></span> <span class='ocrx_word' id='word_1_153' title='bbox 488 2539 654 2616; x_wconf 88' lang='lat' dir='ltr'><strong>Adventu</strong></span> <span class='ocrx_word' id='word_1_154' title='bbox 672 2554 791 2614; x_wconf 89' lang='lat' dir='ltr'><strong>autem</strong></span> <span class='ocrx_word' id='word_1_155' title='bbox 808 2541 1082 2615; x_wconf 87' lang='lat' dir='ltr'><strong>Atheniensium</strong></span> <span class='ocrx_word' id='word_1_156' title='bbox 1096 2554 1171 2614; x_wconf 84' lang='lat' dir='ltr'><strong>tota</strong></span> 
     </span>
     <span class='ocr_line' id='line_1_23' title="bbox 121 2635 1167 2736; baseline 0.004 -30"><span class='ocrx_word' id='word_1_157' title='bbox 121 2658 234 2708; x_wconf 88' lang='lat' dir='ltr'><strong>rerum</strong></span> <span class='ocrx_word' id='word_1_158' title='bbox 251 2635 357 2708; x_wconf 83' lang='lat' dir='ltr'><strong>facies</strong></span> <span class='ocrx_word' id='word_1_159' title='bbox 373 2638 562 2713; x_wconf 86' lang='lat' dir='ltr'><strong>immutata</strong></span> <span class='ocrx_word' id='word_1_160' title='bbox 587 2656 653 2712; x_wconf 87' lang='lat' dir='ltr'><strong>est.</strong></span> <span class='ocrx_word' id='word_1_161' title='bbox 705 2640 737 2713; x_wconf 91' lang='lat' dir='ltr'><strong>Ii</strong></span> <span class='ocrx_word' id='word_1_162' title='bbox 764 2641 955 2712; x_wconf 80' lang='lat' dir='ltr'><strong>Thebanos</strong></span> <span class='ocrx_word' id='word_1_163' title='bbox 982 2640 1167 2736; x_wconf 89' lang='lat' dir='ltr'><strong>repellunt,</strong></span> 
     </span>
     <span class='ocr_line' id='line_1_24' title="bbox 120 2735 1169 2836; baseline 0.002 -30"><span class='ocrx_word' id='word_1_164' title='bbox 120 2735 308 2833; x_wconf 90' lang='lat' dir='ltr'><strong>omniaque</strong></span> <span class='ocrx_word' id='word_1_165' title='bbox 324 2737 361 2808; x_wconf 90' lang='lat' dir='ltr'><strong>in</strong></span> <span class='ocrx_word' id='word_1_166' title='bbox 380 2737 518 2812; x_wconf 72' lang='lat' dir='ltr'><strong>Eubueb</strong></span> <span class='ocrx_word' id='word_1_167' title='bbox 535 2739 776 2834; x_wconf 86' lang='lat' dir='ltr'><strong>tranquillitati</strong></span> <span class='ocrx_word' id='word_1_168' title='bbox 793 2737 951 2836; x_wconf 75' lang='lat' dir='ltr'><strong>pristinae</strong></span> <span class='ocrx_word' id='word_1_169' title='bbox 965 2737 1169 2824; x_wconf 87' lang='lat' dir='ltr'><strong>restituunt,</strong></span> 
     </span>
     <span class='ocr_line' id='line_1_25' title="bbox 119 2834 1168 2933; baseline 0.002 -28"><span class='ocrx_word' id='word_1_170' title='bbox 119 2834 253 2906; x_wconf 88' lang='lat' dir='ltr'><strong>nullam</strong></span> <span class='ocrx_word' id='word_1_171' title='bbox 270 2835 376 2908; x_wconf 85' lang='lat' dir='ltr'><strong>aliam</strong></span> <span class='ocrx_word' id='word_1_172' title='bbox 393 2837 521 2910; x_wconf 85' lang='lat' dir='ltr'><strong>laboris</strong></span> <span class='ocrx_word' id='word_1_173' title='bbox 534 2837 731 2910; x_wconf 89' lang='lat' dir='ltr'><strong>mercedem</strong></span> <span class='ocrx_word' id='word_1_174' title='bbox 746 2835 937 2933; x_wconf 86' lang='lat' dir='ltr'><strong>cupientes,</strong></span> <span class='ocrx_word' id='word_1_175' title='bbox 955 2848 1081 2932; x_wconf 89' lang='lat' dir='ltr'><strong>praeter</strong></span> <span class='ocrx_word' id='word_1_176' title='bbox 1093 2835 1168 2930; x_wconf 91' lang='lat' dir='ltr'><strong>glo·</strong></span> 
     </span>
     <span class='ocr_line' id='line_1_26' title="bbox 119 2932 1168 3034; baseline 0.002 -28"><span class='ocrx_word' id='word_1_177' title='bbox 119 2932 204 3006; x_wconf 87' lang='lat' dir='ltr'><strong>riam</strong></span> <span class='ocrx_word' id='word_1_178' title='bbox 222 2960 303 3032; x_wconf 88' lang='lat' dir='ltr'><strong>quae</strong></span> <span class='ocrx_word' id='word_1_179' title='bbox 320 2959 364 3008; x_wconf 90' lang='lat' dir='ltr'><strong>ex</strong></span> <span class='ocrx_word' id='word_1_180' title='bbox 379 2937 523 3010; x_wconf 63' lang='lat' dir='ltr'><strong>victorie</strong></span> <span class='ocrx_word' id='word_1_181' title='bbox 546 2951 583 3009; x_wconf 90' lang='lat' dir='ltr'><strong>et</strong></span> <span class='ocrx_word' id='word_1_182' title='bbox 607 2935 847 3034; x_wconf 86' lang='lat' dir='ltr'><strong>pacificatione</strong></span> <span class='ocrx_word' id='word_1_183' title='bbox 869 2934 936 3007; x_wconf 93' lang='lat' dir='ltr'><strong>sibi</strong></span> <span class='ocrx_word' id='word_1_184' title='bbox 958 2933 1168 3030; x_wconf 84' lang='lat' dir='ltr'><strong>proveniret.</strong></span> 
     </span>
     <span class='ocr_line' id='line_1_27' title="bbox 120 3029 1059 3134; baseline 0.007 -30"><span class='ocrx_word' id='word_1_185' title='bbox 120 3029 252 3106; x_wconf 81' lang='lat' dir='ltr'><strong>AEscd.</strong></span> <span class='ocrx_word' id='word_1_186' title='bbox 272 3034 309 3105; x_wconf 92' lang='lat' dir='ltr'><strong>in</strong></span> <span class='ocrx_word' id='word_1_187' title='bbox 327 3034 484 3134; x_wconf 88' lang='lat' dir='ltr'><strong>Ctesiph.</strong></span> <span class='ocrx_word' id='word_1_188' title='bbox 534 3034 574 3109; x_wconf 87' lang='grc' dir='ltr'><em>Τ</em></span> <span class='ocrx_word' id='word_1_189' title='bbox 567 3035 703 3110; x_wconf 78' lang='lat' dir='ltr'><strong>ottrrell</strong></span> <span class='ocrx_word' id='word_1_190' title='bbox 747 3089 756 3109; x_wconf 93' lang='lat'><strong>.</strong></span> <span class='ocrx_word' id='word_1_191' title='bbox 1054 3101 1059 3111; x_wconf 94' lang='lat'><strong>.</strong></span> 
     </span>
    </p>

    <p class='ocr_par' dir='ltr' id='par_1_6' title="bbox 115 3131 1171 3730">
     <span class='ocr_line' id='line_1_28' title="bbox 164 3131 1171 3244; baseline 0.004 -34"><span class='ocrx_word' id='word_1_192' title='bbox 164 3131 219 3206; x_wconf 81' lang='lat' dir='ltr'><strong>lb·</strong></span> <span class='ocrx_word' id='word_1_193' title='bbox 234 3133 452 3233; x_wconf 74' lang='lat' dir='ltr'><strong>l·3elseqq·</strong></span> <span class='ocrx_word' id='word_1_194' title='bbox 489 3137 648 3239; x_wconf 66' lang='grc' dir='ltr'><em>Παρῆσαν</em></span> <span class='ocrx_word' id='word_1_195' title='bbox 675 3139 937 3244; x_wconf 70' lang='grc' dir='ltr'><strong>Ἀμφιπολιτῶν</strong></span> <span class='ocrx_word' id='word_1_196' title='bbox 964 3131 1081 3240; x_wconf 45' lang='grc' dir='ltr'>(Πραξ,</span> <span class='ocrx_word' id='word_1_197' title='bbox 1109 3139 1171 3214; x_wconf 71' lang='lat' dir='ltr'><strong>nal</strong></span> 
     </span>
     <span class='ocr_line' id='line_1_29' title="bbox 117 3231 1165 3338; baseline 0 -30"><span class='ocrx_word' id='word_1_198' title='bbox 117 3235 332 3332; x_wconf 72' lang='grc' dir='ltr'><strong><em>Στρατοκλῆς</em></strong></span> <span class='ocrx_word' id='word_1_199' title='bbox 348 3231 404 3311; x_wconf 79' lang='lat' dir='ltr'><strong>s’rrl</strong></span> <span class='ocrx_word' id='word_1_200' title='bbox 421 3239 497 3326; x_wconf 71' lang='lat' dir='ltr'><strong>recl</strong></span> <span class='ocrx_word' id='word_1_201' title='bbox 507 3237 546 3316; x_wconf 83' lang='lat' dir='ltr'><strong>rd</strong></span> <span class='ocrx_word' id='word_1_202' title='bbox 554 3238 669 3338; x_wconf 72' lang='grc' dir='ltr'><strong><em>βῆμα,</em></strong></span> <span class='ocrx_word' id='word_1_203' title='bbox 681 3271 714 3312; x_wconf 83' lang='grc' dir='ltr'><strong>κ.</strong></span> <span class='ocrx_word' id='word_1_204' title='bbox 726 3273 758 3312; x_wconf 80' lang='lat' dir='ltr'><strong>r·</strong></span> <span class='ocrx_word' id='word_1_205' title='bbox 769 3238 828 3330; x_wconf 54' lang='lat' dir='ltr'><strong>ln]</strong></span> <span class='ocrx_word' id='word_1_206' title='bbox 844 3235 967 3332; x_wconf 83' lang='lat' dir='ltr'><strong>Legati</strong></span> <span class='ocrx_word' id='word_1_207' title='bbox 980 3236 1165 3334; x_wconf 84' lang='lat' dir='ltr'><strong>peregrini,</strong></span> 
     </span>
     <span class='ocr_line' id='line_1_30' title="bbox 118 3331 1166 3432; baseline 0.002 -27"><span class='ocrx_word' id='word_1_208' title='bbox 118 3331 285 3405; x_wconf 78' lang='lat' dir='ltr'><strong>mandata</strong></span> <span class='ocrx_word' id='word_1_209' title='bbox 300 3359 364 3406; x_wconf 86' lang='lat' dir='ltr'><strong>sua</strong></span> <span class='ocrx_word' id='word_1_210' title='bbox 377 3335 578 3432; x_wconf 82' lang='lat' dir='ltr'><strong>exposituri,</strong></span> <span class='ocrx_word' id='word_1_211' title='bbox 600 3347 806 3431; x_wconf 86' lang='lat' dir='ltr'><strong>suggestum</strong></span> <span class='ocrx_word' id='word_1_212' title='bbox 832 3335 1077 3419; x_wconf 78' lang='lat' dir='ltr'><strong>conscendere,</strong></span> <span class='ocrx_word' id='word_1_213' title='bbox 1095 3339 1166 3430; x_wconf 83' lang='lat' dir='ltr'><strong>qub</strong></span> 
     </span>
     <span class='ocr_line' id='line_1_31' title="bbox 117 3429 1166 3532; baseline 0 -28"><span class='ocrx_word' id='word_1_214' title='bbox 117 3430 242 3504; x_wconf 80' lang='lat' dir='ltr'><strong>melibs</strong></span> <span class='ocrx_word' id='word_1_215' title='bbox 259 3433 282 3505; x_wconf 72' lang='lat' dir='ltr'><strong>d</strong></span> <span class='ocrx_word' id='word_1_216' title='bbox 300 3434 429 3530; x_wconf 91' lang='lat' dir='ltr'><strong>populo</strong></span> <span class='ocrx_word' id='word_1_217' title='bbox 446 3435 734 3532; x_wconf 87' lang='lat' dir='ltr'><strong>intelligerentur.</strong></span> <span class='ocrx_word' id='word_1_218' title='bbox 777 3430 909 3504; x_wconf 85' lang='lat' dir='ltr'><strong>Hierax</strong></span> <span class='ocrx_word' id='word_1_219' title='bbox 923 3443 959 3502; x_wconf 89' lang='lat' dir='ltr'><strong>et</strong></span> <span class='ocrx_word' id='word_1_220' title='bbox 976 3429 1166 3504; x_wconf 86' lang='lat' dir='ltr'><strong>Stratocles</strong></span> 
     </span>
     <span class='ocr_line' id='line_1_32' title="bbox 115 3529 1167 3630; baseline 0.002 -28"><span class='ocrx_word' id='word_1_221' title='bbox 115 3529 374 3630; x_wconf 87' lang='lat' dir='ltr'><strong>Amphipoleos</strong></span> <span class='ocrx_word' id='word_1_222' title='bbox 392 3533 548 3621; x_wconf 89' lang='lat' dir='ltr'><strong>nomine,</strong></span> <span class='ocrx_word' id='word_1_223' title='bbox 562 3533 620 3608; x_wconf 87' lang='lat' dir='ltr'><strong>cui</strong></span> <span class='ocrx_word' id='word_1_224' title='bbox 637 3557 726 3606; x_wconf 86' lang='lat' dir='ltr'><strong>nova</strong></span> <span class='ocrx_word' id='word_1_225' title='bbox 743 3529 937 3627; x_wconf 72' lang='lat' dir='ltr'><strong>bPhilippo</strong></span> <span class='ocrx_word' id='word_1_226' title='bbox 950 3529 1087 3604; x_wconf 88' lang='lat' dir='ltr'><strong>obsidio</strong></span> <span class='ocrx_word' id='word_1_227' title='bbox 1100 3530 1167 3604; x_wconf 92' lang='lat' dir='ltr'><strong>im·</strong></span> 
     </span>
     <span class='ocr_line' id='line_1_33' title="bbox 116 3628 1166 3730; baseline 0 -30"><span class='ocrx_word' id='word_1_228' title='bbox 116 3628 286 3716; x_wconf 81' lang='lat' dir='ltr'><strong>minebat,</strong></span> <span class='ocrx_word' id='word_1_229' title='bbox 304 3657 342 3704; x_wconf 87' lang='lat' dir='ltr'><strong>se</strong></span> <span class='ocrx_word' id='word_1_230' title='bbox 358 3658 527 3730; x_wconf 90' lang='lat' dir='ltr'><strong>suamque</strong></span> <span class='ocrx_word' id='word_1_231' title='bbox 545 3634 666 3706; x_wconf 92' lang='lat' dir='ltr'><strong>urbem</strong></span> <span class='ocrx_word' id='word_1_232' title='bbox 681 3633 717 3704; x_wconf 92' lang='lat' dir='ltr'><strong>in</strong></span> <span class='ocrx_word' id='word_1_233' title='bbox 731 3631 837 3704; x_wconf 89' lang='lat' dir='ltr'><strong>fidem</strong></span> <span class='ocrx_word' id='word_1_234' title='bbox 848 3644 884 3702; x_wconf 88' lang='lat' dir='ltr'><strong>et</strong></span> <span class='ocrx_word' id='word_1_235' title='bbox 897 3629 1042 3703; x_wconf 84' lang='lat' dir='ltr'><strong>tutelam</strong></span> <span class='ocrx_word' id='word_1_236' title='bbox 1051 3629 1166 3703; x_wconf 89' lang='lat' dir='ltr'><strong>Athe·</strong></span> 
     </span>
    </p>
   </div>
   <div class='ocr_carea' id='block_1_3' title="bbox 115 3729 1275 3830">
    <p class='ocr_par' dir='ltr' id='par_1_7' title="bbox 115 3729 1275 3830">
     <span class='ocr_line' id='line_1_34' title="bbox 115 3729 1275 3830; baseline -0.003 -30"><span class='ocrx_word' id='word_1_237' title='bbox 115 3729 296 3802; x_wconf 88' lang='lat' dir='ltr'><strong>niensibus</strong></span> <span class='ocrx_word' id='word_1_238' title='bbox 314 3731 525 3817; x_wconf 83' lang='lat' dir='ltr'><strong>offerebant3</strong></span> <span class='ocrx_word' id='word_1_239' title='bbox 551 3733 611 3830; x_wconf 91' lang='lat' dir='ltr'><strong>qui</strong></span> <span class='ocrx_word' id='word_1_240' title='bbox 628 3757 688 3804; x_wconf 86' lang='lat' dir='ltr'><strong>eos</strong></span> <span class='ocrx_word' id='word_1_241' title='bbox 713 3730 868 3830; x_wconf 86' lang='lat' dir='ltr'><strong>accipere</strong></span> <span class='ocrx_word' id='word_1_242' title='bbox 895 3729 1094 3816; x_wconf 90' lang='lat' dir='ltr'><strong>noluerunt,</strong></span> <span class='ocrx_word' id='word_1_243' title='bbox 1112 3754 1166 3801; x_wconf 89' lang='lat' dir='ltr'><strong>ve·</strong></span> <span class='ocrx_word' id='word_1_244' title='bbox 1269 3772 1275 3796; x_wconf 84' lang='lat'><strong>.</strong></span> 
     </span>
    </p>
   </div>
   <div class='ocr_carea' id='block_1_4' title="bbox 115 3827 1167 4014">
    <p class='ocr_par' dir='ltr' id='par_1_8' title="bbox 115 3827 1167 4014">
     <span class='ocr_line' id='line_1_35' title="bbox 116 3827 1167 3928; baseline -0.002 -28"><span class='ocrx_word' id='word_1_245' title='bbox 116 3827 174 3900; x_wconf 89' lang='lat' dir='ltr'><strong>riti</strong></span> <span class='ocrx_word' id='word_1_246' title='bbox 186 3828 332 3916; x_wconf 75' lang='lat' dir='ltr'><strong>scilicet,</strong></span> <span class='ocrx_word' id='word_1_247' title='bbox 347 3845 388 3902; x_wconf 90' lang='lat' dir='ltr'><strong>ut</strong></span> <span class='ocrx_word' id='word_1_248' title='bbox 399 3857 532 3928; x_wconf 87' lang='lat' dir='ltr'><strong>pacem,</strong></span> <span class='ocrx_word' id='word_1_249' title='bbox 547 3856 641 3906; x_wconf 82' lang='lat' dir='ltr'><strong>anno</strong></span> <span class='ocrx_word' id='word_1_250' title='bbox 655 3830 831 3928; x_wconf 87' lang='lat' dir='ltr'><strong>superiore</strong></span> <span class='ocrx_word' id='word_1_251' title='bbox 842 3854 926 3905; x_wconf 89' lang='lat' dir='ltr'><strong>cum</strong></span> <span class='ocrx_word' id='word_1_252' title='bbox 938 3829 1100 3927; x_wconf 87' lang='lat' dir='ltr'><strong>Philippo</strong></span> <span class='ocrx_word' id='word_1_253' title='bbox 1113 3828 1167 3899; x_wconf 91' lang='lat' dir='ltr'><strong>in-</strong></span> 
     </span>
     <span class='ocr_line' id='line_1_36' title="bbox 115 3925 592 4014; baseline 0 -12"><span class='ocrx_word' id='word_1_254' title='bbox 115 3925 216 4014; x_wconf 71' lang='lat' dir='ltr'><strong>insu,</strong></span> <span class='ocrx_word' id='word_1_255' title='bbox 231 3928 448 4002; x_wconf 86' lang='lat' dir='ltr'><strong>dirimerent.</strong></span> <span class='ocrx_word' id='word_1_256' title='bbox 478 3928 592 4004; x_wconf 78' lang='lat' dir='ltr'><strong>Idem.</strong></span> 
     </span>
    </p>
   </div>
   <div class='ocr_carea' id='block_1_5' title="bbox 115 4024 1164 4224">
    <p class='ocr_par' dir='ltr' id='par_1_9' title="bbox 115 4024 1164 4224">
     <span class='ocr_line' id='line_1_37' title="bbox 166 4024 1164 4132; baseline 0.005 -31"><span class='ocrx_word' id='word_1_257' title='bbox 166 4024 219 4101; x_wconf 86' lang='lat' dir='ltr'><strong>Ib.</strong></span> <span class='ocrx_word' id='word_1_258' title='bbox 236 4029 261 4100; x_wconf 89' lang='lat' dir='ltr'><strong>l.</strong></span> <span class='ocrx_word' id='word_1_259' title='bbox 277 4031 312 4100; x_wconf 88' lang='grc'><strong>5.</strong></span> <span class='ocrx_word' id='word_1_260' title='bbox 331 4032 445 4132; x_wconf 76' lang='grc' dir='ltr'><strong>Ὕμᾶς</strong></span> <span class='ocrx_word' id='word_1_261' title='bbox 461 4027 575 4131; x_wconf 75' lang='grc' dir='ltr'>πλεῖν]</span> <span class='ocrx_word' id='word_1_262' title='bbox 598 4029 638 4102; x_wconf 89' lang='lat' dir='ltr'><strong>ln</strong></span> <span class='ocrx_word' id='word_1_263' title='bbox 663 4024 835 4126; x_wconf 76' lang='lat' dir='ltr'><strong>Wotstau.</strong></span> <span class='ocrx_word' id='word_1_264' title='bbox 855 4047 893 4128; x_wconf 78' lang='lat' dir='ltr'><strong>et</strong></span> <span class='ocrx_word' id='word_1_265' title='bbox 907 4027 997 4108; x_wconf 80' lang='lat' dir='ltr'><strong>Ald.</strong></span> <span class='ocrx_word' id='word_1_266' title='bbox 1019 4027 1164 4105; x_wconf 73' lang='grc' dir='ltr'><strong>ἐκπλεῖν·</strong></span> 
     </span>
     <span class='ocr_line' id='line_1_38' title="bbox 115 4125 743 4224; baseline 0.013 -28"><span class='ocrx_word' id='word_1_267' title='bbox 115 4137 152 4196; x_wconf 84' lang='lat' dir='ltr'><strong>et</strong></span> <span class='ocrx_word' id='word_1_268' title='bbox 169 4126 219 4200; x_wconf 85' lang='lat' dir='ltr'><strong>sic</strong></span> <span class='ocrx_word' id='word_1_269' title='bbox 236 4125 454 4224; x_wconf 77' lang='lat' dir='ltr'><strong>frequentihs</strong></span> <span class='ocrx_word' id='word_1_270' title='bbox 473 4129 743 4204; x_wconf 83' lang='lat' dir='ltr'><strong>Demosthenes.</strong></span> 
     </span>
    </p>
   </div>
   <div class='ocr_carea' id='block_1_6' title="bbox 0 0 1456 5044">
    <p class='ocr_par' dir='ltr' id='par_1_10' title="bbox 0 0 1456 5044">
     <span class='ocr_line' id='line_1_39' title="bbox 0 0 1456 5044; baseline 0 3"><span class='ocrx_word' id='word_1_271' title='bbox 0 0 1456 5044; x_wconf 95' lang='lat' dir='ltr'><strong> </strong></span> 
     </span>
    </p>
   </div>
  </div>
 </body>
</html>
