2902 5044
286 349 359 424 232
681 343 837 422 NOT‘AE
855 347 917 422 'IN

309 519 430 595 uentis
443 519 572 618 pariter
588 519 751 617 insignis.
803 519 859 594 lta
874 520 929 594 his
946 532 1001 594 tot
1017 504 1147 594 sclam
1159 518 1340 617 praetatis

285 547 428 708 dotibus
441 620 577 693 tantaei
587 618 740 694 Athenis
752 635 835 694 nata
843 635 898 694 est
907 619 1107 705 auctoritas,
1119 621 1214 694 utab
1224 617 1340 716 iisqui

286 720 354 818 ipsi
370 720 570 795 invidebant
585 745 648 817 pro
666 745 757 794 novo
773 719 955 794 Pisistrato
979 720 1173 793 haberetur.
1227 718 1339 792 Unde

288 819 420 896 iactum
437 831 503 906 est,
520 832 561 892 ut
577 819 698 918 primd,
709 843 848 894 necesse
862 819 912 892 illi
925 833 1016 894 esset
1029 817 1271 892 moderatione
1283 831 1339 890 at·

287 945 356 1018 quc
373 918 552 1018 obsequio,
571 919 678 994 etiam
697 920 774 1017 plus
792 922 898 1018 quim
917 919 1045 1004 decuit,
1073 918 1110 990 in
1127 921 1192 992 suis
1209 915 1339 1013 agendi

288 1019 422 1093 ratione
439 1019 502 1092 uti.
536 1017 728 1116 Postquam
746 1025 826 1093 vero
839 1032 974 1092 tantam
988 1031 1199 1117 potestatem
1213 1031 1338 1094 nactus

287 1131 390 1205 esset,
415 1119 547 1216 quanti
564 1143 651 1217 opus
676 1118 743 1190 luit
765 1119 808 1192 ad
829 1118 937 1194 libert
959 1117 1148 1214 agendum,
1175 1129 1256 1192 turn
1280 1115 1339 1189 ille

286 1216 562 1292 Atheniensium
589 1219 748 1292 mollitiae
769 1217 864 1292 haud
882 1218 1013 1292 diutihs
1031 1216 1188 1302 indulsit,
1217 1217 1339 1290 veriam

288 1311 387 1394 unta
399 1341 482 1393 cum
500 1318 680 1391 severitate
698 1318 855 1414 singulos
875 1317 911 1391 in
930 1316 1046 1392 officio
1063 1316 1279 1400 continebat,
1290 1326 1339 1388 ut

289 1417 396 1490 iidem
410 1417 585 1503 homines,
600 1419 671 1515 qui,
687 1419 731 1492 ah
741 1417 819 1514 ipso
832 1417 943 1514 gloriis
953 1415 1224 1503 cumulati,eum
1236 1414 1339 1488 vicis·

289 1519 358 1590 alm
376 1516 475 1590 omni
492 1515 666 1590 honorum
685 1542 812 1614 genere
829 1521 1041 1606 onerassent,
1061 1517 1104 1589 de
1118 1514 1292 1613 supplicio
1308 1512 1341 1586 ei

288 1615 483 1714 infligendo
506 1616 709 1714 cogitarent.
760 1616 862 1691 Plato
878 1616 955 1689 voci
973 1615 1123 1714 publicae
1141 1615 1185 1688 de
1205 1613 1340 1688 Pericle

288 1717 395 1791 fidem
409 1718 575 1812 abrogare
585 1716 700 1802 audet,
709 1717 896 1815 ipsumque
900 1716 1020 1814 pupuli
1026 1715 1338 1790 Atheniensiscor·

290 1816 477 1915 rumpendi
494 1817 687 1890 insimulat.
740 1817 849 1908 Quid,
864 1817 979 1914 inquit
993 1816 1021 1887 is
1035 1815 1278 1913 philosophus,
1297 1812 1341 1885 de

289 1916 457 2014 equisone
473 1916 677 2002 sentiamus,
695 1917 899 2014 quicquum
913 1941 1032 1989 curare
1047 1917 1084 1988 in
1104 1939 1141 1988 se
1158 1913 1339 2012 receperit,
1418 1967 1431 1988 .

290 2041 442 2113 eumque
456 2014 617 2090 letiorem
634 2015 820 2090 reddiderit
833 2020 939 2114 quarn
953 2015 1154 2111 acceperat?
1182 2011 1287 2086 Plat.
1302 2013 1338 2086 ia

189 2161 191 2166 ,
291 2114 599 2214 Gorg.[pag.4ld.
615 2115 681 2188 Ed.
694 2115 861 2211 Seruum]
886 2113 1108 2188 Tourrellrm.
1125 2113 1233 2210 [Vide
1246 2110 1339 2186 Plu·

291 2213 405 2287 tarch.
421 2217 458 2287 in
472 2215 615 2298 Pericle,
629 2229 665 2288 et
684 2212 880 2289 Isocratem
897 2215 932 2286 in
951 2214 1051 2288 Orat.
1071 2217 1152 2318 περὶ
1164 2213 1324 2316 {edyssa}

339 2314 379 2388 P.
394 2314 456 2395 74.
476 2315 499 2386 l.
516 2316 540 2386 3
557 2329 593 2386 et
609 2341 704 2413 seqq.
735 2315 798 2416 Ἐξ
811 2315 837 2391 ἕ
852 2315 884 2393 δὲ
901 2317 932 2392 oi
948 2314 990 2392 dre
1009 2314 1136 2410 ωἹῶὖΙες
1155 2312 1339 2414 tutetur

291 2413 460 2515 πεφῇνασι
476 2411 606 2516 ῥήτορες,
627 2415 664 2489 rr'
674 2414 848 2504 βέλεσθε;
875 2416 908 2490 ri
922 2347 1047 2514 ypddrw
1059 2416 1084 2509 3]
1118 2411 1289 2490 Oratores
1305 2411 1340 2486 id

291 2511 1342 2612 unicequaerebant,utp0pulumgubernarentrpopulusque

291 2612 367 2686 sola
383 2627 456 2687 erut
473 2611 672 2686 adulatione
688 2616 950 2712 gubernandus.
1002 2615 1062 2688 Ad
1079 2638 1161 2686 eum
1178 2615 1290 2710 igitur
1305 2612 1341 2684 id

291 2711 698 2812 imperiumpertinebat,
706 2714 767 2812 qui
780 2714 824 2787 ad
835 2714 1106 2790 assentationem
1119 2729 1213 2786 esset
1225 2713 1341 2788 erudi·

291 2813 459 2900 tissimus,
479 2814 532 2887 vel
549 2813 665 2912 potilrs
679 2815 739 2912 qui
753 2814 945 2913 deceptoris
959 2829 1072 2912 partes
1086 2835 1188 2910 agere
1200 2813 1342 2911 potissi·

293 2916 394 2988 mium
412 2913 562 2988 calleret.
615 2913 657 2986 In
677 2916 780 2988 hosce
798 2913 970 3001 homines,
985 2928 1058 2987 tam
1078 2913 1225 3010 turpiter
1241 2915 1341 2986 obse·

293 3014 435 3110 quiosos
453 3028 488 3085 et
504 3013 662 3110 populari
675 3015 798 3112 gratiae
813 3014 1010 3101 servientes,
1026 3015 1119 3088 certe
1133 3037 1203 3086 non
1221 3013 1340 3086 minhs

293 3116 401 3209 quarn
419 3110 548 3186 Orator
564 3125 694 3198 noster,
713 3113 886 3185 invehitur
902 3111 1157 3210 Aristophanes
1175 3113 1213 3184 in
1231 3111 1340 3211 Equi·

293 3208 473 3284 tibusAct
491 3211 522 3282 l.
555 3207 614 3284 Sc.
634 3213 649 3285 l
666 3223 703 3284 et
715 3213 751 3284 2.
767 3212 930 3310 idemque
943 3213 979 3286 in
994 3213 1120 3311 Vespis
1134 3215 1168 3286 2.
1199 3211 1339 3286 Aristo·

293 3311 391 3398 tetes,
405 3310 449 3388 de
462 3309 551 3407 Rep.
569 3309 631 3385 lib.
646 3312 690 3383 iv.
713 3337 790 3410 cap.
805 3316 839 3383 4.
853 3313 913 3385 lib.
930 3339 960 3385 v.
980 3339 1056 3411 cap.
1074 3314 1096 3386 6
1111 3327 1145 3385 et
1165 3313 1221 3385 ll.
1263 3309 1337 3384 Iso·

293 3425 415 3498 crates,
434 3410 477 3483 de
493 3410 595 3483 Pace.
642 3410 865 3510 Quicunque,
880 3413 1051 3485 exclamat
1068 3411 1338 3496 Demosthenes,

296 3511 348 3609 (in
367 3511 538 3586 Oratione
552 3509 695 3610 dcllcp.
710 3510 814 3612 Ord.)
834 3511 1052 3610 Reipublicae
1072 3512 1234 3609 prodesse
1245 3512 1337 3594 velit,

292 3612 409 3710 primd
423 3611 563 3684 auribus
581 3612 700 3684 vestris
719 3612 849 3686 mederi
866 3613 979 3698 debet,
1004 3613 1091 3684 nihil
1108 3612 1204 3684 aliud
1220 3611 1338 3684 audire

293 3710 494 3784 assuefactis
514 3713 620 3807 quam
644 3711 738 3808 quod
756 3737 813 3784 eas
836 3711 965 3784 titillet.
1018 3711 1169 3786 Cleones
1186 3728 1222 3784 et
1239 3708 1338 3785 Cleo·
1399 3769 1402 3780 .

293 3811 438 3910 phones,
451 3810 564 3908 inquit
573 3809 775 3884 Demetrius
785 3809 983 3896 Phalereus,
998 3810 1025 3884 I.
1034 3811 1090 3884 De
1101 3810 1201 3909 Eloq.
1215 3835 1245 3884 c.
1257 3811 1337 3884 315.

293 3910 1247 4009 hocest,assentatorespopulumAtheniensemtotum
1259 3935 1337 4008 pos·
1387 3908 1392 3918 '

294 4010 421 4096 sident,
448 4009 507 4108 qui
531 4034 602 4082 non
626 4010 693 4083 nisi
711 4011 858 4086 istorum
877 4011 1017 4086 auribus
1035 4025 1139 4107 atque
1157 4010 1334 4086 intellectu

293 4109 346 4183 uti
363 4110 448 4186 vult.
478 4105 588 4182 Idem.
