2902 5044
298 381 378 456 elo
603 435 608 446 .
713 371 870 451 NOVI'AE
895 371 951 448 IN

300 550 396 626 baud
407 552 492 625 satis
502 563 626 622 notum
640 561 742 635 esset,
757 549 1095 628 Hecatombaeonem
1111 572 1272 622 mensem
1285 552 1358 622 At-

301 651 412 726 ticum
422 650 551 724 luisse.
599 647 761 723 Omninb
773 649 1034 723 rescribendum
1048 662 1112 735 est,
1128 649 1194 720 levi
1206 652 1357 722 tanturn

302 750 511 837 mutatione,
531 748 566 840 ἒς
581 749 682 851 ἄρχει
699 749 799 850 mire
812 751 893 850 ’παρ’
904 747 1084 838 Ἕλλησιν,
1098 749 1194 848 quod
1204 749 1356 847 quidem

301 851 390 925 scire
406 875 519 949 operm
536 851 688 948 pretium
706 851 764 923 sit.
793 849 985 948 Utcunque
1001 849 1045 922 de
1057 849 1240 921 mensibus
1253 849 1354 923 Atti·

301 950 352 1024 eis
365 951 457 1024 inter
471 976 508 1023 se
526 951 723 1048 discrepant
740 962 911 1039 auctores,
926 951 964 1022 in
984 950 1051 1022 boo
1064 973 1188 1022 omnes
1201 973 1353 1022 consen·

300 1050 406 1136 tiunt,
417 1049 664 1137 Athenienses,
675 1052 908 1150 undecunque
916 1050 1001 1122 anni
1012 1063 1118 1148 caput
1127 1049 1352 1136 deduxerint,

300 1175 439 1248 semper
455 1150 794 1224 Hecatombaeonem
811 1151 1005 1250 prinoipem
1023 1149 1202 1222 mensium
1218 1152 1352 1221 consti-

299 1251 421 1324 tuisse.
448 1248 545 1325 cum
557 1251 670 1350 'igitur
686 1251 904 1324 admisemnt
919 1275 1053 1326 annum
1070 1248 1272 1338 Julianum5
1288 1271 1349 1321 cu·

294 1351 353 1445 jus
370 1349 504 1448 primus
521 1351 651 1424 mensis
669 1365 721 1424 est
732 1351 935 1436 sonnatius,
950 1353 971 1424 ὲ
984 1350 1065 1423 sede
1078 1349 1348 1422 susiHeeatom·

299 1450 1172 1549 baeonemdeturbalrunt,etinJanuarioprinoipern
1184 1472 1347 1522 mensem

298 1561 508 1625 statuerunt.
526 1552 780 1626 ‚Rursumobm
789 1550 1058 1649 mensisAprilis
1068 1549 1285 1624 constitutus
1295 1561 1348 1621 est

299 1653 321 1722 a
338 1648 546 1724 Christianis
564 1653 722 1750 princeps
741 1652 917 1725 mensium
935 1649 1031 1736 anni,
1046 1664 1189 1749 propter
1200 1650 1347 1722 solenne

297 1745 486 1837 Pasuhabs,
518 1752 798 1826 Hecatombaeon
824 1776 964 1850 quoque
993 1752 1038 1823 ab
1067 1749 1346 1823 Atheniensibus

299 1847 508 1932 Christianis
525 1852 715 1926 collocatus
735 1867 789 1926 est
809 1851 845 1924 in
864 1850 996 1950 Aprilis
1014 1850 1115 1923 sede:
1143 1850 1240 1923 unde
1258 1847 1346 1922 Mu·

298 1950 449 2045 riycbion
474 1976 555 2026 oram
582 1952 754 2026 Januario
770 1963 1019 2049 ¹comparatur.
1045 1947 1156 2021 Petit.
1190 1946 1343 2024 Miscell.

297 2048 358 2124 lib.
373 2050 444 2126 viii.
458 2076 534 2150 cap.
548 2053 585 2126 6.
602 2052 704 2142 ¹Vide
713 2052 821 2126 etiam
834 2050 997 2152 Duport.
1010 2051 1088 2123 loeo
1099 2054 1205 2148 supra
1220 2048 1341 2121 citato.

296 2147 509 2225 Scholiasles
533 2152 576 2225 ad
603 2165 689 2226 orat.
716 2167 838 2226 contra
862 2151 1116 2236 Timocratem,
1137 2175 1172 2248 p.
1197 2149 1286 2221 446.
1304 2150 1345 2253 τῇ

295 2246 444 2356 ἑνδεκάτῃ
473 2253 517 2328 τὲ
544 2252 844 2358 ἝκαἹομζαιῶνος·
874 2251 955 2340 §ror
982 2254 1069 2347 (non
1097 2264 1137 2322 ul
1162 2253 1342 2348 perperbm

296 2348 451 2426 editurts’
468 2351 550 2451 yoif)
570 2355 686 2442 ἦνᾶπ
706 2358 787 2442 ὦτος
802 2349 877 2457 urin,
897 2387 928 2428 κ.
948 2387 981 2429 τι
1001 2370 1038 2427 λ.

343 2447 385 2520 Ρ.
401 2449 462 2524 63.
480 2449 599 2524 Schol.
615 2452 637 2524 l.
652 2389 713 2531 ᾖ.
735 2454 853 2550 Ἧγεν
869 2450 914 2529 roi
931 2446 1135 2554 Βοηδρόμια]
1153 2447 1342 2522 Admiran-

295 2547 380 2622 dum
388 2553 474 2623 sane
483 2565 547 2636 est,
554 2551 929 2649 quomodoScholiasti
939 2565 1060 2626 nostro
1071 2551 1106 2623 in
1121 2561 1278 2621 mentem
1288 2573 1341 2620 ve·

294 2648 395 2736 uerit,
413 2648 572 2756 Μυςῆρια
588 2653 731 2757 μεγάλα
749 2669 785 2726 el
801 2651 992 2756 Βοηδρόμια,
1007 2648 1200 2749 quaeuliud
1212 2647 1339 2722 festum

294 2765 404 2837 erant,
423 2751 666 2851 diversamque
688 2754 830 2850 prorsus
853 2753 1027 2850 originem
1051 2751 1214 2836 habuere,
1237 2748 1340 2821 simul

293 2849 520 2926 confundere.
548 2854 733 2928 Probabile
746 2867 811 2941 est,
825 2853 901 2927 haec
914 2854 1027 2937 verba,
1044 2852 1089 2923 ab
1102 2849 1268 2948 imperito
1281 2848 1339 2922 ali·

294 2975 365 3046 quo
382 2950 417 3024 in
437 2953 596 3051 margine
614 2954 752 3052 scripta,
770 2957 892 3051 postea
908 2953 945 3025 in
963 2965 1100 3024 textum
1118 2949 1306 3048 irrepsisse.

343 3048 396 3123 Ib.
418 3053 443 3123 l.
467 3051 517 3132 47
540 3067 576 3126 el
597 3054 659 3126 48.
695 3051 928 3155 Ἐπιπέμπει]
945 3050 1040 3125 Cum
1064 3047 1122 3122 W
1115 3048 1196 3144 alfio
1212 3047 1338 3153 πέμπει

291 3147 392 3245 lego:
420 3151 550 3249 alioqui
569 3176 639 3224 non
657 3167 795 3226 constat
810 3177 941 3225 versus.

342 3247 382 3322 P.
402 3250 461 3323 64.
481 3251 503 3324 l.
527 3251 559 3325 l.
586 3250 713 3331 Oualo
731 3252 843 3356 καιρδν
859 3250 952 3330 tibine
968 3251 1011 3329 τὲ
1025 3247 1172 3350 Boebeia]
1197 3245 1338 3321 Seilieet
1437 3307 1438 3338 3

291 3349 358 3438 τοῖς
372 3348 664 3452 Ἡραιοτειχῖταις.
717 3354 802 3427 Non
820 3353 970 3449 pulsistis
992 3375 1067 3424 esse
1090 3347 1334 3422 necessarium.

289 3446 493 3526 Exercitum
508 3455 617 3542 enim,
632 3456 720 3529 duee
731 3454 881 3542 sublato,
894 3453 1093 3526 soluturum
1103 3447 1335 3531 obsidionem,

290 3563 326 3622 et
343 3550 559 3651 dilapsurmn
576 3581 662 3630 esse.
696 3553 862 3643 Wlfius.
1079 3563 1082 3569 '

339 3649 392 3723 lb.
411 3652 434 3748 l.
453 3656 490 3726 2.
518 3653 865 3751 ’Albinam—roi
880 3647 1067 3751 οἷπὸςολον]
1091 3649 1173 3726 Οὔκ
1191 3644 1337 3748 {nunoni-
1436 3687 1437 3720 r

290 3783 372 3828 σατε
390 3748 451 3839 mic
467 3752 610 3856 τριήρεις·
638 3753 692 3831 ἕδὲ
706 3757 902 3856 προσείχετε
928 3753 976 3858 τῷ
1000 3745 1163 3858 πολέμῳ]
1208 3743 1335 3820 Obin·
1436 3743 1437 3793 l

290 3864 421 3924 certam
439 3851 571 3926 famam
584 3869 621 3928 et
633 3854 776 3926 inanem
791 3877 903 3952 spem,
918 3851 1049 3924 omissa
1062 3861 1223 3945 susceptu
1236 3867 1334 3942 expe·

291 3948 388 4023 ditio.
417 3953 488 4031 Kal
502 3955 583 4032 τὲτο
598 3955 655 4079 μὲν
672 3954 714 4030 ‘ro
729 3952 904 4058 γενὸμενογ.
944 3949 1056 4025 Idem.
1090 3944 1214 4051 [Pilh.
1234 3946 1334 4020 habel

292 4048 404 4149 ᾆφεῐτε
422 4051 476 4144 τὴν
491 4053 699 4148 droselam]
987 4119 991 4125 .
