2896 5054
441 393 765 468 PHILIPPICAM
792 393 821 468 l.
997 435 999 442 ·
1082 397 1151 478 137
1201 387 1206 392 ’

104 569 254 669 telligere
272 571 365 662 lieet,
385 585 505 644 tamen
522 573 736 669 proannonri
748 595 809 642 seu
822 584 1037 658 commeatu,
1051 573 1147 670 quod

104 671 277 776 σιτηρέσιον
294 686 416 770 postea
432 673 535 757 dicet,
550 671 732 768 intelligo:
753 685 791 743 ut
804 684 840 743 et
852 671 991 758 cibaria,
1007 672 1061 744 vel
1072 697 1146 746 oer-

105 787 172 844 tam
189 798 253 871 pro
272 773 314 846 iis
340 770 525 871 pecuniam
542 773 586 846 ad
601 770 893 844 sustentationem
919 772 1084 869 eorporis,
1111 789 1149 846 et

105 871 202 946 aliam
225 874 413 972 pecuniam
433 898 495 969 pro
521 871 697 946 laboribus
727 885 763 942 et
785 871 961 969 perieulis,
974 873 1148 946 dederuut·

107 972 290 1048 militibus:
317 999 398 1073 quae
416 975 603 1069 conjuncta
621 972 675 1049 ιδν
691 968 803 1060 ἕνιελῆ
819 975 939 1074 μισθὸν
965 972 1143 1070 integrum

105 1074 313 1172 stipendium
330 1073 553 1148 confecerint.
608 1071 744 1145 uuidar
759 1070 947 1174 σιτηρέσιον,
966 1070 1004 1150 ri
1021 1073 1143 1177 dedo'pe·

106 1173 150 1250 ro'r
164 1209 247 1252 τισιν
264 1175 308 1264 εἷς
323 1176 451 1278 τροφήν.
486 1171 693 1273 Hesychius
711 1170 844 1271 {pilton
873 1170 1035 1246 Budmztr
1051 1174 1143 1248 mili·

106 1289 206 1348 tarem
224 1299 403 1348 annonam
422 1290 458 1348 et
484 1275 711 1374 stipendium,
738 1291 774 1346 et
800 1287 967 1348 tesseram
985 1273 1141 1366 lrumen·

107 1373 219 1448 tariam
238 1376 497 1474 interpretatur.
550 1374 657 1473 Apud
686 1373 862 1447 Caesarem
882 1387 936 1448 est
967 1373 1140 1474 frequens,

106 1473 265 1550 militibus
285 1477 400 1549 metiri
417 1475 646 1561 lrurnentum,
675 1473 714 1551 ιδ
741 1476 944 1582 οιτομεΊρεῐν,
973 1474 1142 1566 donodo-

106 1578 169 1661 uir,
183 1611 216 1655 τι.
230 1613 261 1655 τ.
275 1595 313 1654 λ.
343 1575 452 1649 Idem.
892 1619 895 1627 ‹

148 1677 186 1748 P.
210 1675 352 1758 16.1.7.
381 1678 590 1772 Ἐθελῆοειε]
620 1675 818 1749 Poteritir:
844 1677 882 1750 in
895 1678 1020 1750 eodem
1034 1701 1139 1750 sensu
1216 1671 1220 1683 ’

106 1778 187 1873 apud
202 1777 382 1876 Aristoph.
436 1775 476 1850 ln
504 1777 664 1852 Homero
693 1778 800 1850 etiam
828 1777 1136 1875 frequentissime:

107 1874 140 1948 ll.
156 1887 194 1972 φ.
212 1903 281 1950 ver.
302 1879 388 1951 366.
442 1877 524 1955 Oid’
540 1875 627 1955 ἔθελε
654 1877 812 1981 ττρορέειν,
837 1902 900 1974 pro
917 1879 964 1955 ἐκ
991 1876 1138 1969 dirivare,

108 1976 149 2048 sic
163 1976 200 2050 Il.
220 2015 243 2055 ν.
263 2002 333 2052 ver.
358 1980 439 2052 106.
487 1986 627 2087 Μίμνειι
644 1981 691 2056 ἐκ
710 1977 1020 2056 ἐθέλεσκον-*αδ
1032 2001 1139 2075 quem

105 2075 209 2152 locum
236 2080 314 2152 taec
336 2077 562 2153 Eustathius:
594 2079 648 2155 Ti
678 2078 709 2156 δὲ
734 2081 781 2157 ἐκ
805 2075 985 2163 ἐθέλεσκον,
1003 2079 1077 2156 ον’ντὶ
1094 2078 1139 2154 rai

106 2178 146 2256 thr
160 2179 309 2259 ἐδύναντο.
362 2179 498 2271 Συνηθές
514 2179 546 2258 δὲ
564 2181 608 2255 ‘O
640 2178 702 2284 η’ρῳ
718 2185 779 2260 καὶ
797 2175 867 2255 ἕτω
881 2175 1140 2284 λοιμςᾶνειιτῆν

106 2281 239 2371 τοιαύτην
255 2277 359 2383 λέξιν.
388 2280 519 2355 Confer
532 2213 678 2356 Sulddm
696 2306 729 2353 u.
750 2276 910 2370 ἐθελήσει.

145 2379 193 2455 lb.
207 2382 231 2454 1.
245 2382 380 2455 8-15.
404 2380 506 2472 Ξὲνιις
518 2381 575 2491 pir
587 2381 694 2482 λέγω,
706 2400 814 2458 nrm·
827 2376 921 2481 λέγω
934 2376 971 2470 δὴ
983 2376 1138 2467 :denob-

105 2484 167 2578 τις]
198 2483 378 2582 Repetitio
395 2484 488 2556 verbi
506 2485 675 2581 ejusdem,
695 2497 834 2583 propter
852 2481 1081 2580 hyperbaton,
1100 2494 1137 2554 et

103 2581 305 2682 interjectam
323 2583 395 2656 sive
407 2584 642 2682 parenthesin,
661 2581 917 2683 siveprolixam
934 2579 1135 2685 ἔπεμέολνῖν.

104 2679 161 2756 Sed
173 2683 239 2762 a’arl
256 2685 353 2784 ξένοιν
367 2684 549 2757 substituit
562 2683 748 2789 ςροινιῶιοις
764 2683 891 2756 eodem
905 2707 1011 2754 sensu
1033 2678 1143 2752 Wol·.

95 2782 170 2873 fior.
189 2785 280 2880 [in
297 2789 378 2859 verb
395 2783 582 2890 ςρατιῶτοις
597 2784 722 2857 eodem
740 2807 858 2866 sensu,
875 2807 946 2878 quo
964 2781 1069 2876 sopri:
1083 2777 1137 2876 Ei·

105 2911 172 2972 rag:
196 2885 372 2984 liquidem
389 2884 540 2982 oonjieio
566 2884 755 2982 legendum
783 2877 911 2987 πεζὲς,
930 2879 1035 2976 idque
1052 2902 1136 2950 con·

104 2983 225 3059 firmare
241 2987 331 3060 mihi
350 2987 511 3061 videntur
527 2987 610 3060 clun
627 3009 668 3058 ea
684 3009 764 3083 quae
781 2981 873 3056 iufra
885 2982 1001 3066 habet,
1020 2974 1136 3084 ὥσπερ

103 3081 151 3174 uir
164 3083 271 3179 νιεῖἑς
287 3123 319 3165 ι.
338 3087 373 3166 οἷ.
390 3123 423 3165 τ.
442 3084 690 3195 τρατευομὲνες,
715 3100 794 3159 tum
820 3083 931 3184 ipsius
951 3081 1136 3156 sententiae

103 3184 187 3262 llum
199 3179 307 3287 atque
316 3189 403 3263 ordo
415 3189 581 3263 naturalis
593 3215 603 3274 ;
617 3187 733 3286 primo
745 3184 841 3259 enirn
852 3184 998 3283 exponit
1006 3197 1134 3268 orator,

102 3302 175 3382 quot
190 3290 323 3387 pedites
340 3289 611 3364 conscribendos
640 3302 806 3370 censeat:
831 3284 986 3358 secundd
1011 3309 1055 3356 ex
1082 3282 1135 3356 his

102 3405 175 3484 quot
190 3390 293 3476 cives,
311 3404 399 3488 quot
415 3389 615 3488 peregrinos
638 3411 715 3460 esse
740 3397 923 3482 oporteat:
951 3398 1012 3455 aut
1028 3381 1136 3476 igitur

103 3491 273 3588 τραιιιὲιας
290 3515 352 3588 per
368 3516 406 3564 se
422 3490 597 3588 significat
613 3486 760 3586 pedites,
776 3485 862 3581 (quo
871 3481 1016 3579 quidem
1030 3504 1135 3552 sensu

103 3613 159 3662 oon
186 3593 254 3664 nisi
286 3595 363 3664 mro
392 3591 586 3664 admodum
615 3583 823 3676 invenitur‚)
841 3595 876 3656 et
892 3583 922 3654 s‘i
948 3578 1135 3677 significet,

101 3689 171 3786 quid
187 3692 231 3766 ad
250 3717 326 3765 rern
344 3693 382 3771 ιδ
397 3690 514 3792 §ivan
537 3704 602 3766 aut
628 3685 823 3762 necessario
853 3680 1065 3757 mutandum
1083 3692 1135 3752 est

101 3789 313 3901 ἱτιιδοιιζές.
367 3793 407 3867 ln
435 3791 539 3868 Orat.
569 3789 729 3864 AEsmin.
759 3801 881 3860 contra
904 3782 999 3858 Ctes.
1028 3781 1133 3854 aaa.

101 3889 192 4066 πεῗιὲς
207 3892 416 3996 στρατιώτας
431 3895 560 3992 pupius,
577 3895 635 3970 καὶ
652 3887 770 3979 ἱππεῖς
786 3885 920 3983 whitle-

156 3995 190 4066 b.
203 3995 227 4067 l.
245 3996 284 4070 ll
299 4009 336 4070 et
354 3995 410 4068 12.
427 3991 554 4071 Kairoi
562 3989 700 4097 τένοντ’
715 3986 744 4064 ἒν
760 3991 827 4076 τοῖς
840 3980 1064 4088 abrumparis
1081 3981 1135 4057 oi·

100 4089 227 4198 ρέμενοι]
237 4094 320 4168 Hoc
336 4108 389 4167 est
404 4094 500 4192 quod
517 4088 771 4186 Aristophanes
785 4089 822 4159 in
837 4082 1135 4159 Nutulunocat

20 4195 21 4222 ¹
102 4195 235 4300 γλῶτιν.
256 4191 466 4302 πολεμίζειν,
485 4207 520 4266 et
537 4189 654 4265 latini
680 4187 914 4284 nerbigerrrre.
968 4183 1067 4258 Idem
1084 4181 1135 4256 ri·

597 4288 623 4362 S
