2946 5032
296 379 371 452 aso
445 373 814 453 Dauostrraurs
839 371 1177 488 obturamus
1203 378 1233 452 1.

297 545 440 651 putatis,
459 553 564 628 duces
581 575 719 640 omnes,
736 575 825 650 quos
842 549 996 638 mittitis,
1014 551 1082 626 boc
1099 551 1250 650 iugitate
1277 550 1358 624 bel-

296 653 385 738 lum,
411 667 448 726 et
471 652 605 750 privata
624 651 780 724 invenire
796 651 912 724 bella?
949 649 999 739 si,
1018 653 1112 750 quod
1131 677 1185 726 res
1199 666 1268 738 est,
1285 651 1356 726 eti-

296 777 355 826 am
382 752 426 826 de
448 751 596 826 ducibus
613 765 668 824 est
690 751 897 824 dicendumr
924 752 1017 849 qubd
1039 753 1101 826 bic
1121 753 1280 849 praemia,
1306 751 1354 824 de

295 853 424 952 quibus
440 853 572 926 bellum
590 851 864 949 gemtus-vestra
875 868 979 944 suut:
1007 850 1235 951 Amphipolis
1248 851 1279 924 si
1292 877 1353 926 ca·

295 967 358 1052 pta
368 951 484 1040 luerit,
499 977 560 1026 vos
573 977 652 1026 eam
664 954 687 1026 ὲ
699 952 846 1050 vestigio
859 950 1047 1050 recipietis:
1065 953 1351 1051 periculaautem

295 1065 380 1126 sunt
391 1051 642 1151 imperatorum
657 1051 800 1150 privata,
814 1073 947 1124 merces
961 1053 1081 1126 nulla:
1100 1052 1192 1139 illic,
1208 1066 1248 1124 ut
1259 1052 1350 1150 peri·

296 1152 375 1226 cula
389 1152 537 1240 minora,
552 1153 603 1225 sic
620 1153 862 1226 emolumenta
875 1151 1007 1226 ducum
1024 1166 1109 1228 suut
1125 1167 1162 1225 et
1179 1151 1350 1240 militiam,

295 1251 525 1351 Lampsacus,
540 1252 699 1351 Sigeum,
717 1251 856 1350 navigia
869 1252 1144 1352 quecspoliiriat
1156 1281 1167 1325 ι
1179 1254 1183 1260 ’
1193 1252 1230 1324 id
1242 1252 1351 1350 igitur

295 1351 425 1452 quique
437 1366 631 1452 sequuntur
641 1354 767 1451 quode
780 1354 894 1424 result
904 1365 977 1426 est:
1001 1352 1347 1438 vcs'autem,elrmia

295 1477 349 1525 res
360 1452 685 1550 intueminipsrbm
690 1451 1074 1551 pmsperas,prralectos
1081 1450 1272 1526 arcessitis:
1286 1454 1347 1526 ubl

296 1557 388 1639 verb,
407 1552 499 1626 lacti
514 1553 653 1626 dicendi
668 1566 857 1649 potestate,
881 1553 1107 1627 necessitates
1131 1552 1248 1628 relicti
1270 1551 1350 1626 belli

294 1653 484 1740 audieritis,
499 1675 560 1736 ecs
574 1652 770 1726 absolvitis..
789 1653 828 1724 N
829 1651 1027 1751 obis-igitur
1039 1653 1076 1726 ‘ul
1085 1667 1150 1728 est.
1159 1654 1344 1752 reliquum,

295 1767 337 1827 ut
348 1753 440 1827 inter
453 1779 518 1826 nos
530 1752 709 1850 litigemus
723 1767 759 1826 et
771 1753 1013 1840 dissideamus,
1032 1754 1109 1828 aliis
1126 1754 1223 1828 aliud
1240 1753 1347 1826 senti-
1454 1821 1459 1828 .

295 1853 457 1927 entibus:
491 1853 686 1952 respublica
709 1856 793 1928 verb
819 1851 913 1925 male
929 1853 1080 1928 babeat.
1113 1852 1348 1946 Olimzenim,

295 1953 543 2039 Athenienses,
554 1977 615 2052 per
627 1953 753 2028 classes
765 1952 897 2041 tributa
908 1952 1158 2039 conferebatis3
1175 1979 1271 2026 nuuc
1286 1979 1348 2052 per

293 2053 421 2128 classes
437 2053 692 2153 rempublicam
701 2053 828 2152 2geritis
839 2081 862 2126 τ’
884 2052 1015 2128 Orator
1030 2055 1350 2152 utrorumquedux

295 2167 360 2242 est,
379 2170 415 2227 et
431 2154 622 2254 imperetur
637 2153 689 2226 illi
700 2155 900 2250 subjectus,
920 2168 965 2228 et:
977 2155 1125 2242 trecenti
1144 2153 1348 2327 ‹ppisuffra-

296 2269 445 2354 genturz
478 2253 603 2354 reliqui
617 2253 895 2342 attributi'estis,
922 2252 981 2326 alii
1003 2254 1101 2328 aliis:
1123 2311 1128 2334 ,
1190 2255 1224 2328 is
1242 2254 1350 2352 igitur

294 2380 391 2428 nunc
403 2355 528 2428 saltem
547 2354 687 2442 relictis,
705 2354 874 2454 vobisque
883 2355 936 2432 ad
951 2355 1182 2454 vosmetipsos
1200 2355 1348 2429 redeam

79 2511 83 2522 .
209 2457 220 2472 “
296 2453 402 2542 tibus,
417 2465 495 2527 tum
513 2454 662 2540 dicendi,
682 2468 759 2550 tum
777 2455 1011 2542 consultandi,
1026 2470 1107 2528 tum
1124 2454 1253 2554 agendi
1270 2481 1346 2528 mu·

295 2579 364 2626 nus
376 2553 778 2628 c'ummuneiacieudum
792 2569 868 2630 est:
895 2555 953 2628 siu
965 2555 1345 2650 uobisimperaurliuli-

297 2655 435 2753 quibus,
453 2669 621 2754 tanquam
635 2655 1009 2755 reguumpcssideant,
1026 2656 1209 2729 licentiam
1218 2657 1345 2754 penui·

268 2812 275 2826 .
297 2755 433 2829 seritis-c
461 2754 538 2829 aliis
560 2755 844 2840 instruendarum
863 2754 1213 2843 triremium,.tributi
1226 2756 1345 2830 ceule·

296 2856 408 2943 rendi,
423 2856 606 2943 militandi,
623 2856 865 2930 necessitatem
877 2856 1083 2955 imponetis:
1094 2857 1178 2929 aliis
1192 2856 1344 2954 idacgo·

297 2955 341 3030 tii
356 2954 488 3030 dabitis
503 2970 678 3029 utcontra
693 2955 1247 3048 bosdecretaduntaxatlaciaut,
1263 2954 1344 3030 atit-

170 3071 175 3088 '
295 3082 364 3154 que
377 3082 414 3129 re
427 3057 523 3128 nullis
533 3079 677 3154 operam
691 3071 834 3130 navent:
860 3057 960 3144 nibil,
974 3057 1069 3155 quod
1083 3083 1167 3130 usus
1181 3057 1344 3154 pustulat,

296 3179 454 3254 unquam
478 3155 683 3252 tempestive
706 3169 869 3253 geretur:
894 3181 1043 3255 semper
1062 3157 1160 3229 enim
1180 3182 1229 3230 aa
1255 3181 1342 3256 pars,

297 3280 376 3352 quae
393 3256 516 3330 affecta
532 3255 636 3328 luerit
652 3255 789 3353 injurii,
806 3257 980 3341 cessabit:
1003 3258 1160 3348 „tandem
1188 3257 1286 3332 vobis
1310 3257 1344 3329 id

296 3357 523 3456 relinquetur,
542 3369 582 3428 ut
598 3383 658 3430 cos
675 3381 738 3456 pro
755 3358 913 3431 hostibus
930 3357 1095 3456 puniatis.

346 3457 396 3532 X.
422 3456 682 3550 Qussroauasr
708 3456 746 3529 in
765 3461 907 3532 summb
921 3458 1043 3554 jubeo,
1066 3457 1111 3530 ut
1125 3481 1264 3545 omncs,
1284 3483 1344 3556 pro

297 3559 370 3635 suis
386 3555 785 3657 quisquelacultatibus,
803 3557 1005 3631 conferatis:
1028 3571 1206 3632 utomues
1217 3557 1345 3630 exeatis

298 3659 482 3760 pervices,
503 3657 615 3730 denec
634 3679 759 3730 omnes
779 3656 1030 3732 militaveritisr
1045 3671 1098 3732 :ut
1115 3659 1283 3732 omuibus
1302 3658 1343 3730 iis

296 3758 553 3859 quiaprodeuut
574 3758 713 3830 dicendi
725 3772 946 3856 'potestatem
969 3757 1070 3848 detis,
1095 3771 1132 3832 et
1153 3783 1198 3834 ex
1218 3757 1345 3832 eraditis

296 3861 431 3961 optima
448 3857 722 3958 amplectamini,
735 3883 810 3932 nou
823 3881 869 3932 ea
884 3881 965 3958 quae
980 3858 1038 3933 bic
1054 3859 1107 3932 uel
1124 3857 1183 3931 ille
1198 3858 1343 3933 dixerit:

296 3987 376 4060 quae
393 3961 423 4033 si
440 3958 603 4049 feceritis,
621 3981 693 4032 uon
705 3959 1071 4034 oratoremduntaxat
1095 3959 1134 4032 in
1161 3958 1346 4059 praesentii

296 4060 492 4146 laudabitis,
518 4060 580 4133 sed
607 4071 644 4132 ct
658 4060 1037 4163 postavosmetipsos,
1056 4059 1344 4134 rebusuniv'ersis

297 4161 433 4236 meliori
450 4160 540 4247 loco,
571 4184 678 4258 quam
693 4185 762 4259 quo
777 4175 982 4248 ceccaum,
1000 4161 1219 4236 constitutis.
