2946 5032
709 388 919 492 [on]

485 583 1213 714 DEMOSTHENIS,

481 755 540 839 ‘O
561 753 1017 839 LYNTHIACA
1049 754 1135 876 ΠΙ.
1281 759 1298 786 “

572 905 701 975 vonco
725 917 859 976 norror
885 901 1060 978 PRIMA.

339 1066 370 1141 l.
401 1033 467 1153 81,
485 1064 613 1166 quibus
629 1066 673 1139 de
691 1066 793 1139 rebus
810 1065 846 1139 in
866 1067 934 1140 hoc
951 1081 1111 1165 tempore
1132 1065 1348 1154 deliberatis,
1463 1052 1464 1114 l

287 1164 534 1254 Athenienses,
545 1166 584 1238 in
599 1163 656 1238 hia
664 1163 785 1264 quide
801 1167 979 1266 republice
996 1167 1154 1240 laturum
1166 1167 1223 1254 sit,
1234 1165 1348 1266 expli-

289 1281 398 1353 cetur,
426 1267 548 1342 multia
570 1265 611 1339 id
628 1266 777 1364 arbitror
798 1267 927 1341 divitiis
943 1293 1005 1340 vos
1029 1291 1105 1340 ease
1128 1266 1347 1363 praelaturos.

287 1364 397 1460 Quod
413 1367 497 1440 crim
514 1366 564 1440 ita
580 1363 637 1452 ait,
655 1365 798 1463 aeqnum
811 1379 876 1457 eat,
888 1381 930 1442 ut
942 1365 1035 1442 ultro
1052 1380 1087 1439 et
1100 1365 1259 1440 alacriter
1271 1385 1347 1438 om·

286 1489 351 1541 nea
367 1490 440 1555 eor,
456 1465 517 1566 qni
533 1463 721 1540 consillum
739 1463 820 1538 dare
836 1465 971 1553 volunt,
989 1465 1150 1540 audiatis.
1194 1463 1344 1539 Etenim
1464 1553 1465 1560 ἵ

288 1589 363 1642 non
376 1565 497 1642 solnm
513 1565 544 1638 si
584 1564 645 1638 nid
660 1564 748 1638 utile
764 1563 955 1640 meditatus
972 1565 1050 1666 quis
1066 1565 1212 1652 venerit,
1228 1565 1267 1638 id
1284 1563 1346 1638 de·

288 1666 492 1756 betis,ci1m
512 1589 703 1752 audieritis,
726 1661 907 1764 amplecti:
947 1669 1067 1740 verirm
1091 1665 1199 1738 etiarn
1222 1672 1347 1740 veetrae

287 1767 440 1842 fortunae
456 1791 532 1839 esse
556 1779 655 1866 puto,
680 1777 721 1838 ut
748 1767 860 1840 muna
887 1777 1084 1866 opportuna
1113 1764 1210 1838 dictu
1228 1765 1348 1840 subite

285 1865 470 1942 nonnullis
482 1866 521 1938 in
535 1877 691 1940 mentem
705 1866 865 1954 veniant3
892 1865 944 1939 ita
956 1880 997 1940 ut
1010 1865 1110 1939 facile
1123 1865 1221 1938 vobis
1236 1866 1280 1939 sit
1299 1878 1349 1938 en

289 1963 458 2042 omnibus
471 1963 571 2039 utilia
581 1963 745 2064 deligere.
1165 1993 1168 1998 ·

340 2061 391 2141 Π.
418 2063 601 2142 Pnrcsens
620 2065 731 2166 igitur
750 2079 905 2166 tempas,
929 2063 1180 2151 Athenienses,
1206 2067 1346 2140 tantem

289 2191 364 2242 non
377 2165 472 2240 etita
484 2189 570 2240 voce
582 2165 722 2252 clamat,
736 2163 923 2238 vobismeti
949 2165 996 2240 sis
1008 2186 1084 2240 esse
1094 2189 1215 2238 coram
1228 2189 1345 2239 rernm

283 2267 430 2342 ,illarum
442 2266 715 2366 suscipiendam,
730 2263 760 2338 si
774 2265 881 2340 modo
893 2191 1002 2339 ullam
1013 2278 1137 2338 vestrae
1151 2263 1274 2338 salutis
1286 2293 1346 2339 cn·

288 2391 366 2444 ram
379 2367 553 2441 habeatis.
605 2362 684 2440 Noa
700 2369 793 2454 vero,
810 2365 932 2441 nescio
948 2365 1142 2466 quomodo,
1165 2363 1255 2438 mihi
1271 2391 1347 2440 esse

286 2465 450 2541 videmur
460 2483 544 2564 erga
554 2464 631 2538 illas
643 2466 805 2540 animati.
835 2465 1258 2566 Suntaotern,qaae·mil1i
1272 2465 1347 2566 qni-

289 2565 373 2641 dem
391 2564 575 2639 videantur
608 2565 687 2650 loc,
707 2577 743 2638 et
768 2564 897 2639 auxilia
913 2568 987 2663 jarn
1017 2589 1092 2640 esse
1116 2565 1347 2655 decernenda,

291 2679 327 2744 et
344 2669 452 2770 quem
470 2664 650 2740 celerrime
666 2687 743 2738 esse
759 2667 1007 2766 comparanda,
1024 2665 1162 2740 uthinc
1183 2661 1348 2760 (arbaim

292 2765 417 2866 copiis)
445 2789 550 2866 opem
573 2764 691 2838 ieratis
703 2791 714 2853 3
744 2778 782 2838 et
807 2787 880 2840 non
906 2767 1001 2841 idem
1026 2766 1236 2856 admittatis,
1255 2766 1348 2866 quod

292 2868 400 2943 etiam
413 2867 529 2966 prids;
554 2857 738 2965 etiegatos
748 2864 944 2941 mittendos
956 2891 1043 2954 esse,
1055 2867 1116 2966 qai
1128 2863 1206 2940 haec
1219 2865 1348 2956 dicant,

292 2965 632 3046 etrebosintersint:
658 2965 1348 3068 quippeqnodh·ocmanimetinrendnm

292 3080 358 3154 est,
377 3091 422 3140 ne
437 3060 621 3164 Philippus
637 3066 693 3160 (ut
705 3081 758 3137 est
770 3067 879 3138 horno
893 3068 1050 3155 calliduS,
1065 3064 1149 3142 etin
1165 3063 1349 3143 observan-

293 3167 348 3240 dis
367 3184 485 3240 rerum
504 3163 697 3238 momentis
719 3167 855 3262 sagam)
877 3169 1007 3267 partim
1030 3163 1350 3255 concedendam

292 3289 349 3339 rea
364 3263 417 3339 ita
432 3263 562 3350 tulerit,
568 3262 703 3363 'partim
714 3265 926 3354 minitando,
944 3271 1028 3368 (qui
1045 3267 1188 3367 quidem
1202 3267 1241 3340 in
1255 3279 1351 3367 parte

294 3387 368 3440 non
380 3363 560 3440 immerito
575 3363 627 3438 illi
637 3364 727 3439 tides
750 3366 964 3466 habebitur)
981 3371 1108 3466 partim
1131 3383 1197 3440 nos·
1222 3382 1262 3441 et
1287 3368 1346 3442 ab·

295 3465 448 3542 sentiam
464 3479 624 3540 nostram
635 3465 873 3554 criminando,
892 3467 936 3540 de
951 3469 1094 3542 summe
1109 3483 1228 3540 rerum
1243 3467 1352 3544 inter·

295 3578 407 3641 vertm
415 3565 566 3666 aliquid,
584 3579 621 3639 et
637 3562 681 3639 ad
693 3587 774 3640 'sese
790 3565 985 3641 transierat.

345 3660 414 3740 111.
437 3661 588 3740 Vanum
603 3663 692 3768 illud
708 3669 967 3766 peropportune
982 3667 1086 3754 cadit,
1104 3663 1351 3757 Athenienses
1414 3691 1420 3704 ·

298 3777 339 3840 at
353 3765 447 3866 quod
466 3787 608 3840 summo
627 3763 780 3865 Philippi
797 3767 904 3842 rebus
922 3767 1088 3867 praesidio
1104 3781 1169 3853 est,
1188 3763 1287 3841 idern
1305 3765 1351 3842 sit

293 3865 404 3940 etiam
422 3865 521 3940 vobis
539 3862 778 3943 utilissimum.
831 3861 927 3940 Nam
948 3867 1093 3968 quodie
1113 3867 1209 3942 solua
1231 3869 1350 3942 omnia

297 3980 477 4040 etarcana
492 3979 529 4040 et
545 3980 664 4066 aperta
680 3967 894 4061 moderator,
910 3988 951 4042 ac
968 3967 1074 4044 simul
1092 3981 1128 4040 et
1144 3967 1217 4042 dux
1233 3978 1298 4056 ert,
1316 3978 1350 4041 et

298 4065 465 4142 dominus
481 4079 518 4138 et
531 4079 697 4163 quaestor,
716 4080 753 4139 et
760 4065 846 4163 ipse.
855 4068 984 4165 ubique
1001 4069 1099 4142 adest
1115 4067 1295 4156 exercitui,
1312 4067 1349 4141 in

267 4217 278 4232 .
298 4189 340 4240 co
361 4166 479 4240 adres
498 4165 640 4278 bellicas
659 4165 817 4244 celeriter
836 4182 872 4243 et
892 4165 1097 4268 tempeative
1116 4166 1349 4244 conficiendas
