2896 5054
293 381 360 454 156
695 377 853 454 NotrAE
877 377 932 453 IN

286 587 309 632 ε.
325 547 566 657 intumulatur.
617 550 709 626 Mox
737 578 800 650 pro
833 550 1038 639 ἀναλίσκετε,
1063 549 1168 625 Voss.
1190 553 1344 630 ἀναλίσ-

286 687 391 732 κξταὶι

334 737 376 826 P·
388 753 446 824 23·
466 752 489 824 l·
503 751 538 830 7.
563 749 675 843 ’Όο-ην
692 753 738 831 ἐκ
754 751 813 832 oll’
827 753 920 844 εἴτις
934 755 995 832 τῶν
1013 751 1180 848 ἁπάντων]
1229 749 1295 824 W
1285 750 1341 823 ol-

275 853 357 948 βω
374 853 449 924 haec
466 852 517 924 ita
533 853 721 939 transtulit,
734 879 781 927 an
804 853 901 926 ullus
917 853 1070 926 omnium
1087 851 1239 926 habent:
1269 877 1342 924 nos

286 951 361 1024 nlla
378 950 556 1037 vertimus,
574 966 614 1024 ut
625 953 669 1024 ad
681 953 855 1042 α’πὸςολος
871 953 1048 1027 referatur.
1088 951 1182 1025 Cum
1200 949 1341 1044 Wolfio

153 1069 161 1088 ·
285 1051 413 1125 sentire
428 1051 529 1124 video
549 1050 772 1125 Tourrellunr
785 1067 889 1152 atque
913 1051 1099 1138 Olivetum,
1125 1053 1227 1148 juxta
1244 1075 1341 1149 quos

285 1175 407 1224 sensus
419 1150 487 1222 loci
503 1165 568 1236 est,
582 1151 820 1226 Athenienses
838 1151 990 1225 delestis
1008 1153 1079 1225 suis
1096 1151 1339 1250 praeparandis

284 1251 397 1347 magls
414 1249 581 1323 sollicitos
596 1249 715 1338 fuisse,
737 1253 844 1350 inque
860 1277 902 1326 ea
927 1253 1074 1348 majores
1100 1265 1265 1349 sumptus
1284 1249 1338 1322 le-

241 1375 261 1408 v
283 1349 382 1438 cisse,
398 1352 505 1448 quam
531 1351 649 1424 eaeteri
679 1349 820 1425 Graeci:
848 1352 942 1450 quod
960 1352 1081 1449 utique
1109 1350 1337 1423 verissimum

224 1467 225 1475 ¹
282 1464 347 1534 est,
365 1450 426 1522 sed
444 1449 561 1522 minhs
579 1453 686 1548 quarn
703 1453 797 1550 quod
815 1456 918 1526 antea
933 1452 1066 1524 dictum
1084 1450 1162 1538 luit,
1181 1451 1336 1547 idedque

159 1551 162 1556 ’
283 1547 320 1621 id
332 1549 418 1620 velle
434 1549 714 1623 Demosthenem
728 1549 784 1623 vix
797 1566 918 1651 putem
934 1578 945 1638 ;
971 1554 1140 1649 praeterea
1156 1549 1212 1624 hae
1228 1574 1336 1622 voces

283 1648 327 1721 de
343 1647 475 1722 oaeteris
493 1647 628 1723 Graecis
643 1652 766 1748 parum
785 1653 973 1726 commode
989 1650 1137 1748 intelligi
1186 1674 1266 1723 osse
1283 1650 1336 1721 vi-

284 1749 421 1835 dentur,
440 1749 508 1821 nisi
521 1749 679 1823 additum
697 1750 820 1824 fuisset
835 1777 903 1824 vox
919 1751 1100 1842 Ἑλλήνων.
1176 1749 1218 1820 io.
1243 1748 1336 1822 Car-

282 1873 348 1920 rus
364 1849 457 1920 huno
474 1849 591 1922 locum
609 1850 658 1922 ita
674 1851 799 1923 vertit:
819 1865 990 1949 quantum
1000 1849 1102 1924 haud
1112 1847 1246 1922 soioan
1255 1849 1335 1922 ulla

283 1973 440 2047 unquam
457 1948 585 2021 classis
600 1965 718 2023 uestra
728 1949 914 2024 habuerit:
941 1952 1002 2024 sed
1019 1950 1105 2023 illud
1122 1963 1242 2021 vestra
1260 1975 1335 2022 rec·

281 2048 363 2134 tihs,
398 2062 439 2121 ut
464 2050 599 2145 opinor,
628 2053 823 2124 omittatur.
877 2049 1069 2138 Caeterbm,
1106 2063 1146 2121 ut
1176 2049 1333 2122 sciamus

282 2163 415 2245 quanto
440 2162 583 2247 sumptu
600 2149 679 2222 haec
695 2151 788 2248 apud
814 2150 1048 2224 Athenienses
1073 2149 1162 2222 festa
1179 2148 1335 2222 celebra·

281 2250 422 2332 bantur,
439 2261 639 2346 quantoque
664 2249 715 2321 illi
740 2250 857 2323 studio
887 2249 1086 2324 istiusmodi
1110 2249 1334 2322 caerimonias

282 2347 516 2433 sectabantur,
543 2346 752 2421 Tourrellus
767 2351 810 2422 ad
829 2349 1012 2424 Platonem
1040 2375 1104 2422 nos
1130 2349 1280 2422 remittit
1296 2350 1334 2421 in

281 2444 396 2518 Alcib.
413 2445 449 2517 ii.
472 2444 493 2544 h
512 2446 565 2517 10.
583 2449 630 2545 [p.
650 2447 946 2544 148.]etAthen.
964 2451 986 2522 l.
1005 2449 1072 2523 xiv.
1158 2471 1167 2490 t

330 2543 428 2618 Ib.'l.
444 2545 467 2618 9
484 2558 521 2618 et
542 2547 594 2621 10.
638 2545 707 2624 Tb
734 2545 779 2638 εἷς
804 2547 974 2640 Μεθώνην,
1001 2547 1051 2626 riu
1076 2548 1121 2638 εἷς
1139 2546 1332 2647 Παγασὰς,

281 2641 334 2723 rdr
350 2643 392 2735 εἰς
410 2645 603 2744 Ποτίδαιαν]
628 2646 684 2721 Ι)ε
701 2647 877 2721 Methond
893 2676 933 2723 ac
950 2649 1109 2722 Potidaea
1124 2649 1203 2722 vide
1226 2653 1333 2747 supra

278 2769 315 2843 p.
332 2744 393 2824 97.
446 2744 590 2843 Pagasae
606 2747 987 2824 maritimaThessaliae
1005 2751 1087 2823 urbs
1113 2747 1190 2835 luit,
1211 2749 1333 2826 navale

280 2858 399 2918 autem
417 2845 656 2920 Pheraeorum.
709 2847 764 2921 Ibi
780 2846 890 2948 Argo
907 2850 1002 2922 navis
1026 2861 1185 2922 extructa
1211 2849 1330 2935 fertur,

279 2944 375 3018 unde
393 2960 429 3018 et
446 2944 627 3044 Pagasaea
647 2949 849 3046 appellatur.
901 2949 960 3023 Ab
983 2949 1027 3022 ed
1049 2949 1120 3022 illio
1145 2953 1332 3047 compactis

279 3043 430 3140 Pagasas
458 3070 588 3118 nomen
618 3046 744 3120 habere
774 3047 992 3122 fabulantur:
1020 3049 1079 3122 alii
1113 3049 1328 3146 probabilihs

279 3167 409 3216 nomen
427 3142 504 3216 loco
524 3145 598 3221 dno*
614 3148 751 3244 nayda,
769 3147 854 3219 Dor.
872 3148 908 3221 id
925 3163 989 3234 est,
995 3147 1177 3247 fontibus,
1193 3147 1327 3222 lactum

277 3241 446 3328 sentiunt,
463 3243 535 3358 ·qui
564 3243 761 3342 frequentes
788 3247 838 3319 ibi
868 3248 1024 3346 largique
1053 3249 1181 3322 fluunt.
1236 3249 1327 3322 Vide

280 3339 401 3415 Strub.
420 3342 445 3414 l.
461 3368 507 3416 rx.
522 3369 556 3442 p.
570 3345 657 3418 436.
676 3346 743 3420 Ed.
769 3345 924 3421 Caaaub.

326 3442 378 3514 lb.
397 3442 421 3516 l.
441 3443 498 3516 ll.
528 3446 689 3548 Προεῖδεν]
708 3444 802 3520 Bere.
824 3485 860 3523 a.
881 3453 923 3540 β.
943 3484 983 3549 y.
1002 3481 1028 3526 ε.
1056 3447 1214 3553 rrpooidrr',
1233 3448 1327 3546 quod

276 3543 406 3616 rectibs
420 3543 568 3618 videtur.
923 3561 926 3572 '

325 3642 379 3715 lb.
399 3642 421 3714 l.
446 3644 501 3715 12.
531 3648 692 3748 Χορηγδς,
712 3644 1022 3753 ἦγυμνασίαρχος]
1056 3647 1211 3747 Choragi
1235 3648 1324 3721 Dio·

273 3742 380 3838 nysiis
397 3757 432 3816 et
449 3741 694 3817 Panathenaeis
718 3746 842 3820 choros
870 3751 1039 3826 curabant
1065 3762 1100 3821 et
1127 3748 1322 3822 ducebant:

272 3841 403 3914 victum
422 3841 527 3915 etiam
541 3842 595 3929 iis,
611 3869 676 3916 neo
690 3846 820 3918 victum
834 3848 963 3934 solbm,
979 3848 1040 3921 sed
1053 3862 1089 3920 et
1102 3873 1249 3921 coronas
1261 3873 1320 3922 au·

271 3965 357 4028 reas,
377 3956 555 4040 vestesque
569 3942 664 4016 chori
675 3944 794 4043 ipsius,
807 3962 1025 4034 ornamenta,
1039 3964 1144 4047 atque
1159 3948 1322 4046 insignia,

272 4041 550 4140 suppeditabant.
577 4041 689 4139 Inque
707 4049 748 4117 eal
764 4071 801 4118 re
818 4061 957 4120 tanturn
976 4047 1096 4135 studii,
1113 4061 1322 4146 tantumque

271 4140 662 4239 industriaeposuerunt,
671 4157 710 4216 ut
721 4147 918 4244 magistros,
935 4160 970 4220 et
981 4148 1141 4222 tibicines
1153 4163 1320 4246 praestan·
