2896 5054
281 355 350 432 loo
615 425 618 432 .
670 343 829 432 ΝΟΜ
854 355 919 432 ΙΝ.

278 556 346 628 que
358 530 394 605 id
406 530 567 628 agnoscit
581 527 766 612 Hermian
784 529 999 631 Stephanus,
1017 532 1078 631 qui
1094 532 1190 607 hunc
1206 533 1332 610 locum

279 632 418 704 citatio
436 656 466 704 v.
485 631 684 733 &raptatae

291 790 296 798 .
331 731 371 805 P.
389 732 449 804 28.
468 731 492 803 l.
513 733 582 804 6et
599 757 695 830 seqq·
717 733 772 811 Ori
789 729 856 836 yolp
873 729 1047 840 pri-*dppiv
1065 729 1128 835 lsi]
1144 728 1246 814 Ὦςε
1263 731 1327 839 ptri·

253 901 258 911 ,
285 829 452 924 Ibolfiuo.
487 829 594 904 Voss.
608 833 629 908 ε’
644 831 724 933 pah,
737 832 851 906 deleto
867 834 916 938 τῷ
932 833 990 931 pal,
1015 860 1122 933 quam
1134 834 1326 907 lectionem

278 929 403 1006 Aldus
418 933 453 1004 in
473 933 652 1028 nonnullis
666 933 812 1031 reperit.¹
836 932 1000 1006 Eundem
1014 959 1156 1007 sensum
1172 937 1208 1006 in
1223 934 1329 1006 versi·

279 1032 406 1114 onibus
433 1033 504 1106 suia
533 1033 736 1130 exprimunt
755 1029 843 1106 Nic.
869 1032 1017 1120 Canac,
1045 1050 1081 1109 et
1098 1035 1168 1108 duo
1196 1031 1328 1108 Gallici

278 1128 510 1229 Interpretes:
537 1133 637 1232 isque
654 1135 739 1207 sane
756 1133 935 1232 aliquantb
951 1135 1075 1208 melior
1091 1135 1240 1236 videtur.

329 1231 381 1305 Ib.
396 1233 419 1304 l.
429 1234 451 1306 9
463 1247 499 1306 et
515 1233 571 1306 10.
607 1234 813 1336 Στρατηγῶν
829 1231 953 1323 dhaere
970 1234 1016 1324 δὶς
1030 1237 1089 1313 real
1104 1239 1171 1338 τρὶς
1185 1237 1328 1338 κρίνεται

279 1366 311 1410 κ,
322 1367 353 1410 τ.
364 1335 418 1430 lt]
435 1333 535 1416 Idem
553 1332 733 1418 Comicus,
747 1331 1099 1433 [scAristoplronea]
1116 1335 1188 1406 sive
1205 1333 1326 1432 potihs
1436 1355 1437 1362 ’

277 1431 388 1506 fidelia
399 1457 514 1506 rerum
524 1433 794 1506 Atheniensium
806 1433 1177 1522 historicus,Aclrorn.
1186 1433 1324 1509 Activ.

277 1528 335 1606 Sc.
351 1530 387 1611 7.
406 1548 441 1606 et
458 1534 494 1606 in
511 1530 621 1606 Aoib.
644 1536 745 1630 juxta
757 1535 876 1622 linem,
895 1535 997 1608 docet
1010 1560 1075 1608 nos
1093 1560 1224 1630 magno
1241 1557 1326 1608 corr·

277 1633 428 1731 temptui
438 1633 545 1708 luisse
560 1659 601 1708 eo
612 1647 781 1734 tempore,
796 1635 864 1709 hoc
880 1650 934 1708 est
951 1660 1080 1734 paucos
1097 1648 1178 1708 ante
1188 1633 1325 1707 Demo·

276 1733 438 1832 sthenem
453 1759 575 1820 annos,
583 1734 854 1808 Atheniensium
870 1735 1107 1834 imperatores.
1123 1733 1166 1806 lo
1179 1733 1325 1808 Prover-

276 1833 374 1906 bium
382 1835 456 1929 jam
467 1835 601 1932 pridem
614 1848 762 1908 cesserat
774 1861 895 1909 eorum
909 1835 1058 1932 ignavia,
1077 1859 1210 1932 proque
1226 1859 1326 1908 max·

275 1933 348 2006 irnb
360 1935 575 2008 contumelirl
592 1935 770 2009 dicebant:
791 1934 888 2010 Ecce
896 1935 998 2010 homo
1013 1934 1169 2008 timidior
1187 1932 1324 2010 Pisan-

275 2031 351 2108 dro.
369 2033 582 2110 Tourrellus.
608 2032 695 2136 [vid.
718 2035 821 2109 Saia.
841 2062 872 2111 v.
887 2035 974 2115 Ei‘r'r
993 2035 1207 2141 Πεισάνδρει]

675 2213 785 2288 sacr.
799 2211 903 2289 xvr.
999 2185 1003 2192 ’

325 2359 410 2458 Pag-
428 2361 487 2434 28.
506 2363 530 2434 l·
552 2359 650 2441 l7'el
665 2388 760 2461 seqq·
814 2359 923 2442 Mero?
944 2363 1208 2471 Λακεδαιμονίων
1234 2367 1327 2464 Φασὶ

274 2460 446 2562 Φίλιππον
463 2495 502 2539 rr·
522 2497 552 2539 τε
570 2461 725 2551 Θηὲαἰων
743 2461 943 2559 κατάλυσιν]
971 2463 1132 2560 Thebae,
1160 2462 1334 2564 princeps¹
1437 2550 1438 2554 Ἰ

273 2560 426 2634 Boeotiae
444 2564 537 2647 urbs,
557 2575 661 2659 atque
680 2587 750 2635 una
770 2589 814 2636 ex
839 2563 1003 2636 maximis
1031 2561 1181 2638 Graeciae
1199 2566 1321 2637 rebus·
1437 2585 1438 2590 ’

274 2661 435 2758 publicis,
453 2661 544 2735 inter
557 2687 642 2761 quas
659 2665 819 2764 proxime
844 2688 963 2761 parem
980 2663 1131 2740 Athenis
1146 2690 1187 2738 ac
1212 2663 1335 2750 Lace-⁴

275 2759 430 2836 dae'moni
445 2763 562 2837 locum
581 2765 745 2837 obtinuit.
780 2765 1052 2853 Lacedaemonii,
1067 2780 1147 2863 post
1161 2789 1320 2863 pugnam

272 2859 825 2960 LeuctricamcontraThebanos
835 2853 1025 2966 vindictam
1037 2865 1322 2952 anhelabantea·

273 2989 342 3061 que
360 2989 413 3036 res
430 2966 624 3038 otiosorum
642 2961 843 3038 istiusmodi
854 2967 1040 3039 hominum
1055 2965 1202 3039 somniis
1216 2983 1322 3064 atque

272 3065 479 3157 conjecturis
497 3061 681 3136 materiam
715 3069 799 3139 satis
825 3067 979 3163 amplam
1006 3067 1171 3165 praebuit.
1202 3063 1317 3139 Idem.

273 3161 378 3257 [Vide
395 3163 548 3264 similem
564 3165 681 3236 locum
700 3164 736 3236 in
756 3167 778 3239 2
795 3164 989 3266 Philippicd
1006 3193 1042 3266 p.
1061 3169 1121 3239 45.
1134 3179 1170 3240 er
1183 3165 1319 3250 Isocra·

271 3260 316 3333 tis
333 3262 484 3362 Philipp.
502 3291 539 3362 p.
560 3266 646 3338 232.
664 3264 733 3338 Ild.
753 3264 917 3362 Ballio]

279 3403 282 3410 =
321 3361 375 3436 lb.
393 3364 416 3436 l.
438 3364 493 3438 19.
533 3365 613 3454 Tale
629 3367 802 3458 πολιτείας
819 3363 985 3472 demanda]
1039 3365 1091 3440 Ἦ
1110 3365 1319 3470 ὅλιγαρχῖας

272 3460 293 3554 ri
306 3464 493 3567 roperti-'dag
510 3464 758 3566 ε”γκαθιστᾶντα
776 3470 851 3557 ταῖς
866 3467 1002 3546 πόλεσι.
1025 3468 1138 3541 'Nam
1156 3465 1224 3541 luit
1241 3468 1321 3565 hae'e

269 3563 479 3640 Graecorum
497 3567 605 3640 'ratior
633 3567 763 3664 Reges,
780 3569 883 3640 urbes
899 3569 1085 3664 gubernari
1109 3567 1315 3666 haingulis:

270 3665 496 3764 Oligarchici,
516 3682 555 3740 ut
571 3665 844 3755 Lacedaemonii,
857 3671 878 3741 h
890 3667 1033 3765 paucis:
1061 3667 1314 3754 Democratiei,

267 3779 307 3840 ut
323 3759 569 3852 Athenienses,
585 3767 762 3852 amultis,¹
781 3768 848 3840 lroe
864 3783 918 3841 est
943 3771 964 3840 d
980 3769 1091 3866 plebe,
1110 3767 1310 3840 voluerunt.

270 3867 351 3940 Hoc
368 3867 453 3940 illud
470 3881 533 3954 est,
551 3866 645 3966 quod
662 3867 712 3940 ait
726 3867 950 3966 Thucydides
967 3871 1009 3977 τῇ
1028 3867 1063 3947 ἄ.
1098 3869 1146 3967 [p.
1172 3867 1225 3940 14.
1245 3866 1320 3940 Ed.-

267 3963 371 4042 AEm.
395 3964 513 4064 Port]
540 3965 602 4056 rtis
620 3968 882 4070 Λακεδαιμονίὅς
897 3967 1071 4061 βέλεσθαι
1098 3967 1158 4058 cde
1171 3967 1313 4078 roppol-

267 4098 340 4164 χες
357 4068 667 4168 ἕπιτηδείωςσφίσιν
679 4069 793 4161 αὐτοῖς
804 4070 1060 4158 πολιτεύεσθαι,
1080 4065 1230 4150 stricto
1245 4068 1315 4147 ὄλι-

267 4170 485 4271 γαρχεῖσθαι.
512 4166 677 4262 Wolstus.
