2946 5032
485 719 1019 830 ·0.ARGUusNrUM
1168 800 1174 810 ,

429 895 737 984 SECUNDAE
772 891 1190 980 OLYNTHIACAE

782 1081 835 1130 Ex

606 1207 1026 1299 TOURRELLO.¹

281 1433 526 1538 Suemuoms
543 1461 716 1535 arationis
724 1461 758 1533 is
756 1461 891 1560 suerat
902 1474 1059 1548 eventus,
1068 1473 1109 1532 nt
1121 1455 1327 1530 Demosthe·
1455 1479 1456 1526 t

284 1565 354 1652 nis,
374 1562 476 1638 valde
492 1563 572 1636 licet
589 1562 798 1635 aduersante
817 1559 992 1647 Demade,
1010 1557 1186 1632 sententia
1202 1555 1328 1629 viserit.
1455 1540 1456 1596 1

287 1664 417 1766 Itaque
434 1663 485 1737 ad
505 1661 695 1761 Olynthios
711 1661 955 1760 defendendos,
975 1658 1117 1759 quibus,
1130 1683 1240 1758 quum
1256 1671 1328 1730 tan·

284 1781 323 1838 ta
354 1791 412 1838 eas
435 1776 609 1864 premeret
630 1761 834 1848 necessitas,
859 1785 937 1863 qua
959 1761 1011 1833 ad
1028 1759 1232 1832 uniuersam
1254 1756 1330 1829 item
1455 1831 1456 1840 ,

220 1917 222 1920 -
290 1864 464 1938 &aciem
480 1861 672 1962 spectabat,
699 1861 721 1934 ὰ
736 1861 873 1934 nemine
889 1854 1251 1951 uliaauuiliumsuit,
1270 1854 1329 1929 tri·

280 1964 389 2080 ginta
406 1963 576 2049 triremes,
599 1961 817 2060 militumque
833 1961 902 2034 duo
917 1959 1042 2046 millia,
1071 1957 1223 2031 Charete
1239 1958 1330 2037 duae,

283 2077 455 2137 mmerant
466 2060 717 2136 Athenienses.
735 2134 741 2150 Ι
757 2059 941 2134 Haererb
951 2057 1233 2156 subsidiumque
1247 2055 1332 2130 Phi·
1436 2095 1456 2130 ,π

285 2164 372 2265 lippi
388 2187 623 2264 progressum·
644 2161 691 2262 im
717 2162 829 2248 edire,
849 2186 913 2234 nee
928 2187 1007 2234 eum
1024 2159 1046 2232 ὰ
1063 2157 1222 2232 anmiliis
1238 2155 1333 2230 initis
1455 2227 1456 2234 ,

278 2277 447 2364 poterant
457 2261 634 2335 divertere.
669 2187 797 2360 [laque
806 2261 849 2333 in
860 2259 1059 2334 Chalcidem
1063 2258 1250 2358 profectus
1254 2257 1331 2356 plu·

283 2363 376 2436 rima
391 2362 441 2434 ibt
457 2362 534 2434 laea
552 2377 709 2460 occupat,
720 2360 875 2434 ¹Zeiram
892 2359 1074 2434 castellum
1091 2372 1332 2456 eapngnatum

283 2461 405 2547 diruit,
418 2458 1332 2559 amnibusquepertatamipsamregianem‘magnun

167 2613 173 2622 -
283 2561 521 2634 suiterrarem
543 2557 669 2656 injicit.
705 2557 867 2658 Olynthii
878 2559 1003 2658 igitur,
1016 2557 1144 2659 quippe
1153 2557 1216 2657 qui
1223 2556 1332 2631 maai·

283 2657 338 2735 mi
347 2674 565 2760 peterentur,
585 2657 779 2760 quibusque
790 2659 1016 2758 grauissime
1033 2661 1077 2734 ab
1095 2684 1134 2732 eo
1151 2657 1331 2731 calamita·

284 2777 338 2836 tes
352 2760 581 2848 imminerent,
594 2759 748 2834 seeunab
761 2759 930 2834 Athenas
942 2759 1098 2845 mittunt,
1112 2758 1276 2856 quinaria
1293 2757 1329 2829 il·

283 2863 358 2936 line
369 2861 529 2934 subsidia
541 2860 741 2960 implerent.
768 2858 1027 2933 Demosthenes
1042 2885 1163 2932 aarum
1174 2859 1333 2956 postula·

284 2977 321 3034 ta
329 2961 473 3036 strenui
478 2960 741 3058 patrocinatur,
754 2960 947 3059 evincitque
957 2959 1078 3033 debere
1086 2956 1332 3043 Athenineses,

285 3060 363 3134 aiem
375 3060 503 3157 gloriae
517 3061 592 3132 tim
608 3059 778 3132 utilitatis
795 3060 917 3146 eauscl,
943 3075 1064 3134 ratum
1078 3057 1334 3158 probatumque

284 3159 326 3233 'id
338 3158 482 3231 habere.
512 3157 562 3230 In
577 3185 616 3231 ea
632 3157 785 3232 mauimi
796 3157 949 3233 herebat
964 3187 1034 3246 res,
1051 3159 1147 3259 quod
1159 3159 1211 3232 ad
1219 3183 1333 3257 sump-

285 3273 345 3332 tus
356 3257 632 3358 suppeditandas
642 3258 859 3358 pertinebat:
877 3256 987 3360 quari
1010 3259 1146 3335 Orator
1159 3258 1334 3332 uehemen-

286 3357 340 3434 tir
361 3357 537 3433 inuehitur
563 3359 600 3432 in
627 3359 862 3459 perniciosum
887 3359 995 3434 istum
1018 3385 1148 3434 marem
1166 3357 1336 3432 militaris

280 3459 441 3564 pecunia
471 3459 509 3532 in
535 3459 638 3533 ludas
660 3459 825 3558 publicas
846 3459 1070 3534 ‘insumendce
1120 3457 1192 3536 At
1204 3473 1335 3534 testum

286 3559 378 3634 recti
390 3559 655 3657 intelligendum
668 3557 806 3632 necessi
818 3575 882 3646 est,
899 3575 941 3633 ut
952 3584 1011 3632 res
1024 3557 1134 3634 altiis
1142 3573 1332 3657 repetatur.

244 3727 245 3736 ,
288 3661 415 3758 Igitur
430 3659 609 3732 selendum
630 3673 694 3746 est,
713 3661 829 3732 eadem
851 3661 979 3734 ardore
994 3657 1247 3746 Athenienses,
1266 3677 1335 3758 quo

294 3759 429 3834 Gratis
444 3758 611 3832 naturale
627 3774 706 3832 erat
720 3760 921 3858 spectacula
938 3760 1052 3832 amnis
1062 3759 1211 3857 generis
1232 3783 1333 3858 appe·

253 3867 260 3876 ”
287 3876 370 3948 tere,
395 3859 445 3933 ad
472 3857 648 3932 theatrum
668 3859 902 3953 eanfluuisse,·
927 3885 991 3933 nee
1016 3859 1102 3933 rarb
1131 3859 1183 3932 ad
1199 3857 1334 3956 plagas

288 3960 393 4034 etiam
406 3974 440 4032 et
449 3958 593 4032 verbera
610 3958 797 4047 devenisse,
811 3959 912 4033 math)
929 3975 970 4033 ut
986 3960 1099 4032 laeum
1115 3957 1268 4031 alterius
1283 3983 1333 4030 oe·

288 4074 467 4158 superent,
482 4058 583 4133 math)
593 4062 953 4134 ut'tuerentursuum.
981 4059 1245 4157 Magistratus,
1257 4055 1335 4130 huie

287 4162 380 4234 mala
396 4158 603 4234 medicinam
619 4158 782 4235 adhibere
799 4158 905 4260 quium
925 4161 1115 4249 studerent,
1139 4174 1179 4233 ut
1199 4155 1333 4232 uenalia
