2902 5044
294 364 379 438 230
719 354 876 439 NOTA}
899 363 956 438 IN

270 544 273 554 ¹
303 571 379 627 m,
404 537 590 636 dequibus
614 535 811 638 Philippica
827 537 857 612 1.
912 536 1027 638 [vtae
1045 511 1223 638 Noto'p.
1250 535 1361 642 raa]

305 634 513 836 niglffii.
537 736 562 808 1.
577 736 643 810 ult.
658 749 802 836 etseqq.
854 735 1043 842 Κορινθίῃ]
1093 738 1363 814 Danastirenes
1436 703 1441 724 Ι

304 833 579 911 Atheniensium
592 834 757 914 virtutem
774 836 998 914 recaleiucere
1015 838 1144 928 studet,
1162 839 1201 911 iu
1219 863 1362 914 merno-

304 936 393 1012 riam
406 936 491 1034 ipsis
501 937 694 1036 revocando
703 938 881 1035 insignem
893 951 1033 1037 patrum
1046 938 1360 1036 ipsummexpedi-

303 1035 439 1109 tionem
456 1035 592 1132 circiter
613 1039 895 1130 saeculum-aute
911 1037 1053 1112 factam.
1107 1036 1225 1128 Simhi
1249 1053 1358 1137 atque

219 1167 222 1174 ¹
303 1134 444 1213 Graecia
469 1135 719 1236 confmderata
735 1138 920 1224 Persamm
953 1161 1073 1236 regem
1105 1139 1357 1238 propulshsset,

301 1237 425 1322 atatim
437 1236 584 1311 victores
597 1238 635 1310 in
648 1264 686 1315 se
698 1237 962 1324 invicemarms
974 1252 1161 1324 verterunt.
1201 1237 1356 1325 Atheni-

303 1335 1355 1438 ensesaclacedaernoniisuisutriquepartibuspraeiuerunt.

301 1435 457 1532 Reliqui,
470 1439 575 1533 proiit
584 1463 741 1536 quosque
753 1452 816 1512 aut
825 1440 985 1514 voluntas
994 1439 1354 1526 auttcommodiratio

294 1535 533 1622 .trahehat,vel
542 1536 605 1612 has
614 1538 669 1611 vel
678 1538 755 1612 illas
766 1551 879 1637 partes
889 1538 1042 1638 amplexi
1052 1536 1355 1614 suntssorinthii

297 1650 340 1732 ,et
354 1634 582 1733 Megarenses
605 1637 666 1712 illo
681 1653 841 1738 ,tempore
857 1639 948 1728 inter
965 1663 1003 1712 se
1019 1638 1221 1725 bellabant-;
1248 1663 1354 1714 causa

302 1735 385 1808 belli
395 1751 470 1810 erat
479 1737 522 1810 de
532 1738 661 1814 finibus
671 1740 743 1822 suis
753 1740 946 1813 conantio.
971 1737 1211 1836 Megarenses,
1223 1739 1351 1836 quihus

301 1836 526 1910 commodius
548 1852 640 1912 esset
658 1841 704 1912 ab
720 1839 999 1926 Atheniensibus
1019 1843 1125 1936 quam
1146 1841 1175 1928 h·
1187 1838 1351 1917 hade-

302 1936 432 2010 moniis
443 1937 701 2025 auxiliandum,
716 1942 761 2013 ab
778 1938 834 2012 his
849 1940 958 2039 elapsi
970 1952 1054 2012 sunt
1070 1952 1110 2011 ut
1123 1938 1193 2011 iliis
1210 1962 1350 2012 secon-

295 2035 497 2134 jungerent.
520 2035 696 2112 Corinthii
707 2039 856 2114 minime
865 2040 935 2113 hoc
943 2053 1043 2112 erant
1052 2037 1236 2136 perterriti,
1244 2063 1350 2136 seque

297 2137 582 2233 persuasissimos
607 2140 786 2227 habentes,
813 2138 1061 2225 Athenienses,
1087 2139 1124 2214 in
1139 2137 1351 2236 AEgypto-et

275 2257 278 2262 ·
299 2233 433 2333 AEgins
445 2252 644 2336 occupatos,
663 2240 708 2314 ad
721 2263 859 2332 nouum.
869 2240 937 2313 hoc
953 2238 1087 2331 bellum
1103 2238 1264 2317 sufficere
1278 2261 1347 2337 non

292 2359 413 2431 posse,
428 2336 465 2410 in
482 2335 748 2436 Megarensium
766 2340 854 2412 fines
862 2343 905 2434 s'e
916 2338 1196 2412 intromiserunt.
1235 2336 1348 2426 Athe·

299 2432 436 2508 nienses
460 2439 542 2510 verri
567 2462 638 2510 non
665 2451 739 2512 tam
761 2437 888 2512 uirium
913 2463 1059 2530 'suarum
1078 2442 1186 2537 quim
1209 2437 1347 2515 virtutis

291 2557 374 2624 ,suae
388 2533 564 2614 rationem
579 2536 789 2620 habuerunt.
837 2537 946 2612 Senes
958 2541 1185 2636 juvenesque,
1203 2537 1266 2636 qui
1280 2561 1347 2613 ser-
1442 2587 1443 2598 κ

299 2634 428 2706 rabant
445 2633 555 2722 domi,
579 2636 624 2709 ad
646 2639 760 2712 socios
777 2637 1014 2726 defendendos
1031 2643 1104 2728 una
1119 2638 1250 2712 alacres
1293 2661 1346 2713 ru·

298 2731 380 2906 ieplti
397 2747 491 2823 sunt,
509 2737 696 2834 quaesivtre
708 2739 858 2826 hostem,
878 2763 919 2812 ac
933 2739 1175 2837 profligrimnt.
1267 2761 1347 2824 our·

294 2858 336 2908 re
361 2858 419 2909 uc.
955 2881 959 2888 ·
1137 2861 1141 2872 ’

347 2932 387 3007 Ρ.
398 2932 459 3014 73.
478 2936 502 3010 l.
519 2937 550 3009 1.
568 2935 626 3016 nai
637 2933 836 3057 Μεγαρέας]
865 2937 1025 3036 Megara,
1036 2936 1184 3035 insignis
1193 2935 1346 3012 Graeciae

297 3034 391 3120 urbs,
410 3037 537 3133 aequali
553 3035 625 3110 fers
638 3041 659 3111 h
671 3036 844 3110 Cormtho
861 3052 897 3111 et
907 3035 1062 3115 Athenis
1077 3037 1262 3112 intervallo
1275 3037 1343 3111 dis·

297 3131 375 3216 sita,
401 3157 509 3231 prope
530 3135 648 3208 sinum
670 3135 891 3217 Saronicum.
943 3138 1026 3211 Hoc
1044 3138 1176 3211 bellum
1194 3135 1345 3234 contigit

295 3230 482 3306 duodecim
494 3257 605 3307 annos
615 3249 696 3334 post
704 3236 848 3324 bellum,
856 3236 900 3310 de
909 3249 980 3336 quo
989 3238 1026 3310 in
1039 3237 1250 3335 praecedenti
1260 3239 1344 3310 nota

296 3330 508 3426 dictumest.
541 3333 781 3434 Megarenses,
795 3341 981 3437 postquam
992 3337 1223 3436 praesidiarios
1231 3336 1343 3409 Athe·

290 3431 470 3506 niensium
478 3434 1341 3524 militestrucidhssent,hacedaemoni,aeCorintho

292 3531 402 3606 etiam
419 3534 577 3632 ipsorum
592 3537 730 3636 capitali
743 3538 848 3626 hosti,
859 3551 1097 3636 contraquam
1106 3537 1341 3611 Athenienses

195 3695 206 3710 ,
289 3632 451 3730 ipsorum
463 3645 606 3710 causam
619 3638 863 3736 suscepissent,
876 3663 913 3711 se
930 3639 1152 3734 conjunxere.
1191 3637 1340 3712 Atheni·

293 3756 405 3819 enses,
420 3758 541 3807 eorum
555 3745 628 3807 tam
640 3736 771 3832 perfidi
783 3737 978 3812 defectione
990 3739 1180 3838 animoque
1190 3737 1280 3811 adea
1288 3736 1339 3811 in·

292 3847 394 3929 grato
410 3835 593 3921 commoti,
610 3835 774 3931 injuriam
792 3836 913 3910 ulcisci
930 3839 1165 3911 decreverunt.
1185 3878 1189 3886 ·
1217 3835 1339 3934 Itaque

294 3931 562 4030 Megarensibus
578 3936 840 4025 denuntiarunt,
860 3961 905 4010 ne
921 3951 1049 4012 terram
1067 3936 1187 4011 Cereri
1202 3950 1240 4009 et
1254 3935 1337 4008 Peo-

293 4033 443 4130 serp'rnae
460 4047 629 4108 sacratam
640 4049 762 4110 contra
778 4037 830 4113 ias
846 4038 1065 4112 excolerent:
1090 4041 1162 4136 qut
1178 4035 1336 4110 aimoni·

292 4131 596 4223 tionedetrectatai,
607 4159 668 4210 eos
678 4138 775 4211 aditu
788 4138 824 4211 in
840 4153 1005 4238 portuset
1015 4138 1195 4237 regionem
1206 4135 1335 4213 Acuca
