2946 5032
467 385 800 463 onmumncn
826 387 875 463 11.
992 326 995 332 ⁵
1126 389 1198 464 aaa

138 585 288 660 ponere.
341 561 439 634 Nam
469 562 530 661 qui
557 565 730 659 majorum
757 578 957 638 nostrorum
985 565 1202 662 temporibus

129 659 283 760 publia&
310 657 483 749 dicebant,
507 688 567 736 eos
589 665 704 750 audio,
729 665 1027 762 quemadmodum
1055 663 1200 739 fumasse

139 786 208 836 ros
223 763 332 836 etiam
350 761 538 861 accepistis
556 764 728 863 (quosque
744 766 851 837 etiam
870 789 1005 851 omnes,
1030 765 1090 863 qui
1104 791 1200 838 nune

137 862 334 936 conciones
351 863 492 949 habent,
507 863 659 950 laudare,
678 889 802 962 parum
815 870 896 939 vero
907 865 1050 951 imitari,
1065 867 1196 960 solent)

137 962 211 1036 hae
227 962 364 1036 ratione
380 976 417 1036 et
430 963 499 1036 hoe
525 963 689 1037 instituto
712 965 749 1037 in
772 965 950 1063 republica
971 966 1123 1062 gerenda
1144 968 1198 1038 uti

138 1062 288 1137 solitos:
316 1061 510 1137 Aristidem
528 1064 641 1150 illum,
659 1065 814 1149 Niciam,
833 1089 915 1137 eum
933 1067 994 1164 qui
1010 1067 1104 1138 idem
1124 1089 1198 1138 me·

136 1185 224 1236 eum
243 1186 376 1236 nomen
394 1163 528 1250 habuit,
546 1163 730 1236 Pericle'rn.
790 1164 845 1237 llx
861 1191 931 1262 quo
948 1180 1067 1238 autem
1085 1167 1197 1238 exorti

138 1261 323 1335 suntnovi
345 1262 402 1335 isti
421 1277 584 1350 oratores,
609 1266 670 1362 qui
697 1287 770 1350 vos,
794 1265 892 1355 Quid
916 1265 1072 1363 cupitis?
1098 1259 1210 1360 Quid'

138 1352 319 1436 sennam?
337 1363 422 1454 Qud
430 1365 527 1437 vobis
537 1387 574 1436 re
583 1364 829 1462 gratificabor?
858 1366 1088 1464 interrogant:
1109 1389 1195 1464 prae-

140 1463 251 1536 sentis
274 1463 462 1561 voluptatis
486 1479 523 1537 et
543 1467 664 1562 gratiae
687 1465 808 1551 carad,
837 1466 1036 1563 reipublioae
1054 1467 1197 1564 negotia

138 1563 240 1660 quasi
253 1563 440 1662 propinata
450 1579 609 1662 pereunt,
624 1579 659 1638 et
674 1566 755 1638 talia
767 1565 949 1638 eveniunt:
977 1567 1094 1662 itaque
1108 1567 1202 1658 isto·-

139 1687 219 1736 rum
238 1687 293 1736 res
310 1687 434 1738 omnes
452 1663 615 1762 praeelare
630 1690 668 1736 se
684 1665 826 1749 habent,
843 1679 966 1774 nestrae
982 1665 1142 1762 turpiter.

190 1762 260 1836 IX.
294 1762 428 1836 Araur
449 1765 677 1850 considerate,
695 1762 945 1851 Athenienses,
973 1789 1053 1862 quae
1081 1764 1196 1862 eapite

139 1887 269 1949 rerum,
297 1876 335 1936 et
354 1865 574 1960 superiorum
591 1878 626 1937 et
644 1865 771 1938 horam
798 1879 1010 1960 temporum,
1036 1887 1194 1939 eamme·

140 1964 269 2038 morari
286 1964 443 2062 possint:
481 1964 593 2036 brevis
608 1979 727 2038 autem
746 1965 821 2052 erit,
846 1977 883 2036 et
898 1978 984 2058 nota
999 1965 1099 2037 vobis
1116 1989 1192 2038 ora·

139 2064 201 2138 tio.
265 2065 352 2138 Non
369 2063 465 2136 enim
484 2064 605 2137 alienis
622 2090 683 2137 vos
700 2079 839 2138 utentes
855 2065 1035 2163 exemplis,
1052 2065 1112 2136 sed
1131 2066 1192 2138 do·

138 2164 304 2250 mesticis,
332 2162 582 2251 Athenienses,
610 2163 726 2238 felices
749 2164 824 2237 fieri
851 2164 944 2238 lieet.
997 2163 1054 2238 Illi
1070 2164 1188 2262 igitur,

138 2265 267 2364 quibus
293 2289 365 2337 non
391 2265 623 2338 adulabantur
639 2279 805 2352 oratores,
833 2289 921 2362 quos
940 2289 1012 2337 non
1030 2265 1079 2338 ita
1096 2289 1191 2339 ama·

138 2367 224 2439 bant
236 2377 279 2437 ut
290 2389 352 2437 vos
365 2364 423 2436 isti
437 2389 543 2448 nune,
557 2365 712 2463 quinque
725 2379 761 2438 et
773 2365 954 2462 sexaginta
966 2389 1079 2438 annos
1091 2363 1190 2440 Grae-

137 2464 400 2539 eisvolentibue
413 2465 652 2563 imperitant3
677 2466 958 2566 ampliusdeeies
970 2467 1067 2540 mille
1080 2467 1190 2540 talen·

137 2578 174 2638 ts
190 2567 229 2638 in
246 2589 363 2638 aroem
380 2579 652 2662 congesserunt3
687 2579 723 2640 et
752 2591 871 2664 regem
902 2567 1047 2664 hujusce
1069 2566 1192 2640 Maee-

138 2665 256 2740 donioe
272 2663 369 2738 dioto
390 2666 591 2738 audientem
616 2666 826 2752 habuerunt,
854 2666 946 2739 sieut
969 2691 1111 2764 aequum
1138 2679 1192 2738 est

137 2790 258 2865 parere
286 2763 420 2840 Graeeis
448 2764 666 2851 Barbarum3
691 2778 727 2837 et
744 2766 857 2854 multa
871 2765 1105 2862 praeclaraque
1120 2776 1191 2836 tro·

138 2866 252 2965 phaea,
265 2868 358 2939 terra
371 2864 527 2962 marique
540 2877 650 2963 parta,
668 2878 863 2950 erexerunt,
881 2865 965 2936 eirm
979 2863 1046 2962 ipsi
1060 2863 1190 2936 milita·

137 2981 233 3052 reut3
251 2979 287 3038 et
303 2965 369 3037 soli
386 2965 589 3038 mortalium
605 2989 684 3038 eam
702 2989 818 3037 rerum
832 2979 1010 3062 gaurum
1025 2963 1187 3062 gloriam,

137 3068 314 3164 adquam
339 3065 457 3138 nullus
480 3064 622 3139 invidiae
646 3078 781 3164 poteret
804 3067 931 3152 edituo,
958 3065 1187 3164 reliquerunt.

136 3165 193 3241 Ae
209 3168 246 3239 in
265 3166 398 3239 tuenda
417 3165 556 3242 Graecia
571 3165 666 3242 fuere
682 3169 779 3240 tales.
831 3166 874 3240 ln
897 3166 973 3265 ipsa
995 3171 1077 3242 verd
1102 3168 1188 3241 urbe

137 3277 292 3364 spectate
302 3265 435 3364 quales,
452 3281 490 3338 et
501 3266 650 3364 publicis
662 3281 699 3338 et
710 3267 851 3362 privatis
863 3267 900 3336 in
914 3269 1028 3352 rebus,
1047 3291 1085 3338 se
1096 3293 1187 3365 prae·

138 3366 290 3441 buerint.
342 3365 488 3440 Publice
503 3365 611 3463 igitur
627 3364 774 3437 aedilicia
787 3377 823 3436 et
836 3380 1043 3436 ornamenta
1055 3365 1138 3436 talia
1151 3378 1187 3439 et

137 3481 236 3542 tanta
251 3466 444 3540 instruxere
461 3467 563 3540 nobis
579 3462 754 3550 fanorum,
782 3478 818 3536 et
833 3485 913 3561 quae
929 3463 985 3536 his
1001 3463 1186 3536 eontinen-

136 3581 195 3640 tur
210 3557 449 3652 donariorum,
468 3580 508 3639 ut
521 3570 543 3640 a
555 3565 701 3665 posteris
715 3563 868 3664 superari
882 3578 1032 3663 nequeat
1044 3563 1186 3640 illorum

136 3664 362 3742 exoellentiu:
402 3665 569 3739 Privatim
595 3679 715 3740 autem
742 3665 829 3739 oded
856 3663 1006 3738 modesti
1031 3663 1185 3753 fuerunt,

138 3771 305 3866 uotaque
318 3769 401 3839 eura
412 3765 616 3841 institutum
630 3765 829 3864 reipublieae
846 3765 1083 3853 observarunt,
1101 3765 1185 3839 atsi

137 3867 215 3966 quis
231 3867 325 3940 lortd
340 3870 495 3939 vestrum
512 3865 678 3940 Aristidis
691 3881 728 3939 et
744 3863 929 3951 Miltiadis,
947 3878 983 3938 et
995 3865 1087 3938 illius
1100 3879 1185 3939 aeto·

136 3967 182 4044 tis
202 3967 392 4042 illustrium
416 3967 616 4054 hominum,
643 3968 737 4040 aedes
759 3965 857 4039 novit
875 3988 956 4062 quae
976 3965 1187 4052 sint'vicini

136 4069 273 4144 aedibus
289 4063 401 4140 nihilo
417 4091 493 4140 esse
509 4065 761 4163 splendidiores
777 4065 902 4140 videat.
946 4065 1071 4164 Neque
1088 4067 1184 4140 enim

137 4169 186 4243 rei
204 4166 383 4242 familiaris
405 4165 660 4266 amplificandae
681 4167 791 4266 gratia
814 4166 1064 4266 rempublicam
1088 4191 1185 4266 gere·
