2902 5044
424 375 802 461 OLYNTHIACAM
827 384 857 458 1.
1021 439 1025 445 -
1092 383 1167 469 ‘197

114 561 279 664 probato,
298 563 486 659 probatum
511 565 596 634 esse'
614 560 736 646 voluit,
763 559 881 660 quales
907 558 1022 632 caetcri
1041 583 1166 634 omnes

114 678 245 748 essent,
265 664 357 734 sicut
379 659 586 760 Virgilius:
616 661 703 734 AEn.
723 659 770 733 Il.
789 685 822 731 v.
843 661 902 732 65.
1190 687 1193 691 ’

146 793 304 908 'Accipe
319 834 414 882 nono
431 803 609 890 Donatim
627 807 789 896 insidias,
808 821 843 882 et
860 805 1003 880 crimine
1020 805 1064 880 od
1082 829 1152 878 nno

168 907 286 981 Disce
303 911 536 983 omnes-&c
570 907 739 1004 Wolfius.

165 1057 208 1132 P.
232 1059 294 1134 48.
320 1057 440 1133 Schol.
469 1061 493 1132 l.
522 1063 582 1132 24.
636 1053 868 1158 Ἀναγκαίως]
900 1057 1106 1157 Ἀναγκαῖον
1122 1081 1165 1128 ex

97 1157 256 1252 ‚Wolfio
272 1159 550 1260 emendavi-qui
567 1185 664 1246 mox,
684 1158 884 1232 addendum
911 1157 1076 1243 fortassis,
1102 1157 1163 1241 ait,

118 1259 315 1348 βασιλικῶν
328 1271 410 1332 ante
427 1261 509 1350 ἤθῶν
524 1267 585 1337 καὶ
602 1262 728 1338 παθῶν.
755 1259 969 1357 Quanquam
987 1256 1068 1329 ferri
1085 1281 1164 1354 pos·

118 1359 165 1430 sit
180 1356 288 1431 etiarn
306 1357 514 1456 α’ναγκᾳῖως.
782 1383 784 1388 ’
1074 1377 1081 1382 ’

168 1457 223 1530 lb.
243 1457 267 1529 l.
288 1459 351 1530 30.
370 1458 556 1562 Σώφρονος]
583 1460 674 1556 Puto
700 1456 866 1558 σώφρονος
889 1455 1173 1554 esseproprlum'

119 1581 263 1644 nomen,
282 1570 324 1628 nt
339 1559 431 1655 apud
450 1584 514 1631 nos
528 1574 612 1632 sunt
628 1559 737 1631 Mirni
753 1559 938 1644 Publiani3
965 1554 1164 1652 dignissimi

120 1655 179 1754 qui
196 1654 397 1730 ediscantur
409 1661 453 1730 ab
471 1659 647 1732 omnibus.
674 1658 853 1754 Diogenes
870 1659 907 1742 in
924 1658 996 1730 vitia
1007 1653 1165 1726 Platonis
1259 1731 1271 1764 ι

121 1755 294 1841 meminit,
313 1755 484 1858 Σώφρονος
501 1761 545 1835 τὲ
561 1756 778 1864 μιμογρᾶφε.
806 1757 886 1830 Nisi
900 1755 988 1829 forte
1002 1753 1082 1853 σῶφ
1101 1785 1166 1841 ονες

122 1855 322 1952 legendum,
337 1873 373 1929 et
385 1857 435 1929 illl
454 1859 585 1955 [potins
598 1858 775 1952 nonnulli]
790 1857 899 1930 Mirui
910 1869 992 1928 sunt
1005 1787 1173 1927 modern.

128 1953 303 2050 Wolfius.¹
323 1953 378 2050 [Si
392 1956 556 2060 σώφρονος
569 1982 632 2056 pro
646 1958 791 2030 nornine
804 1956 944 2056 proprio
961 1953 1162 2050 accipiatur,

124 2055 232 2152 (quod
242 2071 363 2128 tamen
371 2057 471 2152 juxta
478 2056 660 2130 Benenati
668 2055 939 2130 aditionemfieri
953 2078 1024 2128 non
1035 2063 1162 2149 potest,

121 2156 248 2254 quippe
258 2181 339 2252 quae
352 2161 553 2231 constanter
566 2158 712 2232 uomina
724 2157 862 2255 propria
874 2153 1059 2251 distinguit
1071 2150 1164 2222 linei

121 2259 314 2328 transversis
324 2259 552 2354 superpositis,
565 2283 643 2356 quae
654 2259 712 2329 hlc
724 2282 794 2329 non
807 2255 964 2354 apparet)
973 2251 1164 2328 hiulcaerit

121 2355 382 2441 sententiu,nisi
391 2356 631 2454 subintelligas
643 2350 1163 2454 ursicinquodduriusculum

121 2453 267 2527 videtur.
294 2453 336 2526 ln
354 2451 413 2526 W
406 2455 479 2550 olfii
487 2457 631 2554 quidem
645 2457 756 2529 Editt.
777 2457 882 2531 hodie
895 2455 1021 2552 legitur
1031 2477 1072 2524 ea
1086 2475 1162 2537 vox,

121 2555 214 2627 unde
224 2553 335 2652 petita
345 2579 416 2627 non
427 2571 584 2630 constat:
613 2556 707 2654 quod
719 2557 756 2629 in
769 2557 812 2630 iis
823 2555 1017 2653 saepissime
1027 2577 1094 2624 usu
1105 2575 1163 2622 ve·
1274 2643 1276 2648 ,

121 2653 184 2726 nit.
238 2653 324 2727 ldeo
340 2653 502 2759 σώφρονες
512 2657 754 2731 excudendum
769 2656 896 2740 curavi,
910 2669 946 2726 et
959 2654 1009 2725 sic
1021 2651 1111 2724 bene
1127 2675 1177 2736 se,

121 2753 226 2828 habet
238 2755 434 2854 sententiar
461 2760 584 2854 posted
596 2769 714 2828 autem
728 2780 842 2828 veram
857 2755 1001 2848 hujusce
1013 2749 1082 2822 loci
1095 2749 1163 2820 lec·

120 2853 254 2927 tionem
272 2854 366 2952 apud
379 2852 627 2954 Bulengcmm
644 2853 875 2952 deprehendi:
902 2851 963 2949 qui
979 2849 1058 2922 Lib.
1077 2847 1102 2919 i.
1120 2847 1165 2918 de

120 2951 286 3040 llreatro,
305 2977 380 3051 cap.
400 2956 464 3028 49.
489 2954 694 3041 de‘Mimis,
718 2954 795 3026 haec
817 2953 946 3024 habet:
974 2945 1087 3020 Mimi
1101 2944 1162 3018 ito·

119 3051 462 3151 nortiorc'locofitire
473 3053 803 3154 qudmplunipedes,
818 3057 1037 3152 (quanquam
1048 3061 1083 3120 et
1095 3044 1166 3146 ipsi

114 3152 645 3252 plerumqueobscoeni,)qntb1n
654 3154 822 3254 ἠθολόγων
833 3151 948 3226 Gracci
957 3146 1165 3250 appellatio·

120 3245 1009 3355 nemattribdernnt,qniadictaetfcctclzominnm
1022 3250 1074 3322 ita
1087 3248 1162 3320 imi·

121 3365 298 3439 tacentur,
324 3367 366 3425 nt
389 3355 560 3429 actionem
583 3380 688 3426 snam
708 3350 893 3449 gravitate
908 3348 1166 3422 sententionrm

120 3451 209 3529 iocis
237 3452 457 3552 interpositis
481 3454 672 3530 condirent.
725 3450 804 3525 Cic.
830 3449 866 3522 ii.
893 3448 937 3520 de
962 3445 1064 3520 Orat.
1091 3444 1165 3518 Mi-

122 3575 264 3624 morum
282 3566 335 3625 est
352 3555 609 3652 ethologorum,
637 3554 667 3626 si
693 3549 804 3625 nimia
820 3563 876 3622 cst
891 3545 1056 3629 imitatio,
1074 3544 1167 3617 sicut

122 3652 347 3726 obseoenitas.
400 3651 598 3726 merum
621 3652 737 3750 igitur
761 3648 826 3724 olii
836 3649 951 3747 suire
973 3641 1117 3718 ridiculi
1131 3655 1167 3713 et

123 3749 284 3836 odscoeni,
304 3750 369 3824 alii
380 3778 515 3851 graves
530 3751 697 3848 ethologi.
750 3749 894 3849 Ulpian.
914 3747 950 3820 2.
970 3743 1116 3842 Olynth.
1135 3742 1167 3818 oi

123 3851 218 3952 μίμω
235 3851 402 3950 σώφρονος
417 3855 539 3943 notarri
557 3851 716 3929 maisin
733 3850 813 3926 sioi‘
827 3848 930 3927 ἄλλοι
947 3847 977 3925 di
993 3843 1039 3952 μί
1063 3877 1091 3920 οι
1107 3875 1165 3942 γε·

125 3951 233 4063 ῥοίων.
285 3949 378 4026 Vide
391 3952 489 4050 plura
506 3951 637 4025 ibidem
655 3951 700 4024 de
717 3949 912 4047 Sophrona,
930 3961 966 4020 et
982 3955 1026 4018 de
1084 3939 1166 4016 iuris

126 4071 161 4120 ur
204 4074 320 4126 encre.

176 4073 263 4248 lg’ag.
283 4151 343 4223 49.
363 4151 385 4223 l.
405 4153 438 4223 3.
464 4149 527 4230 *Aa
544 4149 605 4226 oin
623 4146 696 4227 θεοὶ
712 4146 859 4242 θέλωσι]
884 4145 947 4220 Pia
964 4159 999 4218 et
1016 4142 1166 4243 prudens
