2946 5032
470 395 804 474 OLYNTHIACA
829 395 897 471 111.
1136 397 1210 472 309

13 660 18 669 Ι
132 581 199 642 est
219 593 422 670 eggressus.
471 569 559 668 Ejus
576 585 695 644 autern
713 570 750 644 in
767 568 915 667 Illyrios,
935 568 979 644 ad
995 567 1154 658 Paeonas,
1173 583 1210 644 et

132 668 318 744 adversus
349 670 556 766 Arymbam‚
575 685 611 746 et
638 675 709 770 qud
735 671 838 743 non?
871 682 1040 768 praetereo
1067 669 1209 770 expedi·

131 767 279 844 tiones.
324 769 424 862 Quid
434 795 530 868 ergo,
542 769 678 869 inquiet
691 769 827 868 aliquis,
839 769 907 842 ista
927 770 1028 844 nobis
1050 793 1208 843 comme·

133 892 270 943 moras
282 871 404 943 nune?
421 869 623 969 Utrumque
634 870 910 968 uteognoscatis,
918 868 1166 958 Athenienses,
1173 883 1211 945 et

133 967 325 1056 sentiatis,
347 982 425 1043 turn
442 970 609 1068 projicere
631 969 836 1067 singulatim
853 993 991 1067 semper
1007 969 1139 1068 aliquid
1155 995 1208 1044 re·

134 1091 243 1156 rurn,
263 1071 372 1168 quhm
385 1095 456 1143 non
472 1069 649 1169 expediat:
676 1083 754 1144 tum
768 1082 972 1167 perpetuam
984 1070 1020 1142 in
1034 1071 1138 1144 rebus
1150 1095 1211 1168 ge·

135 1168 271 1242 rendis
291 1169 518 1256 alacritatem,
540 1173 611 1268 qut
626 1195 708 1268 erga
728 1193 853 1242 omnes
873 1168 1055 1267 Philippus
1073 1171 1205 1245 utiturt

136 1291 224 1385 prae
240 1270 313 1367 qud
333 1267 409 1342 fieri
428 1295 500 1343 non
519 1269 660 1368 poterit,
683 1282 733 1356 ut,
755 1271 858 1344 rebus
878 1269 987 1367 gestis
1006 1283 1206 1359 contentus,

136 1391 185 1440 ιιι
206 1369 284 1442 otio
302 1393 340 1440 se
355 1369 545 1443 contineat.
572 1368 647 1462 Qut
664 1368 694 1442 si
710 1369 748 1442 in
762 1371 804 1441 eri
816 1369 991 1442 sententiat
1002 1370 1078 1457 erit,
1095 1383 1133 1442 ut
1146 1395 1206 1444 au·

138 1465 271 1565 gendo
283 1491 422 1567 semper
434 1495 518 1567 opes
531 1494 624 1556 suus,
638 1482 672 1542 et
682 1467 832 1567 gloriam
842 1468 1041 1561 augendam
1054 1483 1206 1559 censeat,

140 1589 218 1642 nos
234 1580 356 1641 autem
373 1568 504 1642 nullius
520 1569 569 1642 rei
583 1593 701 1642 curam
720 1571 925 1642 constanter
940 1581 977 1641 et
992 1568 1083 1642 serid
1098 1571 1208 1643 susci·

98 1671 102 1676 ’
142 1665 310 1765 piemusr
336 1668 565 1755 considerate,
583 1692 689 1766 quem
703 1667 849 1741 tandem
861 1667 989 1740 harum
1003 1690 1119 1742 rerum
1132 1669 1207 1742 exi·

142 1777 230 1840 tum
242 1765 317 1840 lore
326 1765 374 1841 sit
383 1768 607 1866 sperandum.
633 1765 725 1860 Quis
738 1769 905 1853 vestrum,
920 1791 981 1865 per
993 1766 1102 1854 Deos,
1117 1767 1206 1843 aded

145 1889 271 1941 socors
289 1881 355 1954 est,
372 1867 435 1967 qui
452 1867 597 1955 nesciat,
616 1869 748 1941 bellum
766 1866 849 1940 inde
865 1866 910 1940 ad
926 1889 991 1940 nos
1003 1879 1204 1955 venturum,

145 1964 182 2040 si
199 1965 483 2066 neglexerimus?
518 1966 653 2042 Verhm
671 1967 707 2040 id
725 1967 755 2041 si
771 1967 844 2052 fiat,
861 1990 991 2054 vereor,
1009 1964 1206 2040 Athenien·

147 2091 220 2154 ses,
232 2092 278 2139 ne
288 2066 590 2165 quemadmodum
603 2068 639 2154 ii,
654 2068 715 2164 qui
728 2069 861 2142 temere
873 2066 1059 2165 pecuniam
1073 2091 1205 2166 magno

147 2163 287 2240 ioeuore
304 2180 431 2241 mutuo
448 2181 606 2267 sumunt,
620 2181 735 2266 atque,
747 2166 807 2238 illa
823 2167 998 2263 paulisper
1014 2165 1206 2266 locupleta·

146 2267 191 2353 ti,
209 2270 292 2365 pdst
306 2267 414 2340 etiam
430 2266 652 2364 patrimoniis
669 2279 892 2352 evertuntur3
917 2267 968 2339 sic
983 2277 1020 2340 et
1035 2265 1138 2340 nobis
1153 2291 1206 2340 se·

148 2366 302 2464 guitiem
320 2381 477 2442 nostram
495 2391 627 2466 magno
644 2364 843 2441 constitisse
859 2378 1040 2465 appareat3
1065 2379 1102 2442 et
1117 2366 1205 2441 dum

150 2466 197 2540 ad
213 2467 430 2566 voluptatem
452 2466 575 2540 omnia
593 2465 787 2554 referimus,
808 2466 846 2539 in
864 2467 1109 2541 nenessitatem
1126 2481 1204 2542 tau·

150 2567 234 2641 dem
250 2566 443 2654 veniamus,
463 2567 586 2654 multa,
604 2593 714 2666 eaque
730 2567 859 2665 gravia
877 2591 956 2666 quae
973 2567 1124 2642 minima
1136 2568 1211 2641 vel··

152 2665 278 2754 lemus,
290 2666 453 2754 faciendi,
465 2668 577 2766 deque
587 2669 679 2764 agris
692 2667 820 2742 nostris
831 2667 877 2739 sit
897 2666 1151 2740 dimicandum.

201 2763 288 2839 VII.
305 2765 365 2841 Ac
376 2766 626 2865 reprehendere
636 2767 791 2863 quidem,
802 2764 928 2838 dixerit
938 2764 1054 2838 forsan
1066 2765 1202 2864 aliquis,

151 2887 229 2938 esse
244 2864 345 2938 facile
361 2887 398 2940 et
415 2867 588 2962 cujusvis3
613 2866 699 2964 quid
715 2879 835 2939 autem
849 2865 893 2936 de
905 2863 960 2936 his
974 2867 1078 2938 rebus
1090 2870 1201 2938 statu·

151 2963 285 3037 eodum
301 2966 346 3040 sit
363 2966 605 3064 pronunciare,
623 2965 659 3038 id
676 2989 753 3038 esse
768 2962 970 3038 consiliarii.
1012 2963 1092 3062 Ego
1109 2968 1202 3053 verb,

151 3088 353 3162 quanquam
371 3066 457 3139 illud
475 3091 547 3140 non
565 3066 702 3164 ignoro,
721 3090 814 3164 saepe
827 3088 889 3138 vos
903 3088 976 3136 non
990 3064 1033 3138 iis
1045 3063 1107 3184 qui
1119 3079 1204 3140 suut

151 3161 187 3236 in
198 3163 314 3262 culpat,
329 3165 391 3237 sed
400 3166 455 3241 his
467 3167 528 3265 qui
542 3167 711 3264 postremi
736 3165 947 3238 sententiam
961 3165 1124 3254 dixerant,
1135 3165 1204 3240 ira·

151 3263 212 3350 sci,
231 3265 294 3338 ubi
306 3265 390 3362 quid
403 3289 447 3338 ex
459 3265 634 3338 sententii
647 3291 719 3338 non
733 3265 900 3338 evenerit:
929 3291 1002 3337 non
1017 3279 1137 3339 tamen
1151 3291 1204 3340 ar·

150 3362 261 3436 bitror
278 3388 367 3439 meae
385 3365 526 3462 privatae
541 3364 663 3437 salutis
675 3363 726 3436 ita
740 3362 938 3434 hahendam
955 3387 1031 3434 esse
1047 3365 1137 3436 mihi
1150 3389 1205 3437 ra·

150 3461 299 3549 tionem,
318 3478 357 3537 ut
373 3465 562 3564 quicquam
578 3462 811 3547 dissimulem,
828 3462 923 3559 quod
940 3463 961 3533 ὲ
975 3485 1012 3534 re
1025 3464 1138 3534 vestra
1149 3461 1205 3535 fu·

150 3575 272 3637 turum
289 3587 366 3636 esse
382 3564 522 3639 ducam.
576 3563 716 3638 Censeo
731 3562 851 3659 igitur,
870 3560 1007 3634 duobus
1024 3585 1086 3634 vos
1099 3585 1203 3660 opor·

152 3679 226 3736 tere
242 3661 358 3737 modis
378 3665 480 3738 rebus
500 3687 711 3748 succurrere,
727 3677 804 3736 tum
826 3663 929 3734 urbes
950 3659 1204 3758 Olynthiomm

153 3761 296 3849 tuendo,
308 3777 345 3836 et
355 3763 496 3850 milites,
509 3765 571 3862 qui
581 3763 617 3837 id
627 3776 744 3861 agant,
758 3761 950 3845 mittendo;
964 3774 1041 3834 turn
1054 3785 1205 3859 regnum

152 3863 229 3982 ejus
244 3863 426 3951 vastando,
444 3875 481 3936 et
497 3864 710 3952 triremibus,
727 3877 764 3935 et
779 3861 951 3935 militibus
969 3860 1054 3933 aliis.
1096 3861 1205 3952 Qudd

152 3961 399 4036 stulterutrum
414 3963 647 4062 neglexeritis,
662 3986 781 4036 vereor
794 3985 839 4036 ne
851 3960 948 4034 irrita
960 3959 1007 4032 sit
1019 3958 1136 4034 lutura
1145 3984 1205 4034 ex·

151 4060 284 4162 peditio
301 4076 423 4136 restra.
475 4061 557 4138 Sive
571 4063 680 4148 enirn,
694 4085 822 4161 agrum
837 4084 941 4136 suum
954 4061 976 4132 d
988 4059 1087 4134 robis
1103 4059 1207 4180 diripi

152 4160 337 4260 umerique
353 4163 574 4263 passus,ipse
587 4162 729 4237 iuterim
740 4160 939 4258 Olynthum
953 4185 993 4234 su
1101 4157 1140 4248 ’t
1154 4183 1205 4234 rr·

153 4260 1038 4354 deusremdomiintutoesse,assidebitetducetbel
1052 4283 1206 4352 ummo·
