2902 5044
419 327 796 406 OLYNTHIACAM
821 330 870 405 11.
1090 334 1160 410 221

444 539 446 548 ’
554 550 664 626 Sacr.
682 553 729 627 V.
767 575 769 580 ’

22 687 24 714 '
166 701 251 800 Peg.
266 703 330 776 66.
348 703 374 775 l.
397 702 453 775 ll.
480 701 588 780 Ἀλλ’
601 701 652 781 iar
665 701 723 807 μὲν
735 699 771 792 δὴ
784 703 846 800 δεῖ]
863 702 1047 779 Hactenus
1059 711 1164 804 opem

118 801 297 876 ferendam
308 827 387 876 esse
396 802 587 901 Olynthiis,
599 803 682 902 quia
694 817 731 875 et
743 803 975 878 necessarium
989 805 1045 892 sit,
1060 806 1104 879 ad
1117 803 1166 879 vi·

88 905 94 916 '
119 903 265 978 tandum
280 904 444 989 dedecus,
459 918 495 976 et
504 903 589 977 utile
598 904 643 977 ad
654 903 934 978 incolumitatem
945 902 1091 993 Attieae,
1104 907 1167 981 do·

118 1003 204 1076 enit.
230 1001 340 1077 Nunc
356 1002 402 1077 ad
414 1003 531 1077 locurn
545 1003 719 1078 facultatis
733 1004 870 1078 transit.
897 1004 993 1078 Nam
1006 1005 1167 1081 voluntas

119 1103 261 1202 quidem
273 1103 479 1177 adversandi
488 1103 652 1202 Philippo
662 1129 733 1177 non
745 1104 863 1178 deerat
872 1103 1165 1180 Atheniensibus:

120 1203 320 1301 sednervus
333 1203 427 1291 belli,
442 1204 602 1302 pecunia,
617 1205 746 1292 deerat,
760 1218 873 1302 quam'
882 1204 1006 1303 vulgus
1019 1206 1055 1278 in
1070 1231 1167 1306 spec·

121 1304 243 1376 acutis
256 1306 498 1378 consumebat
522 1304 597 1397 Qui
610 1304 707 1378 locus
719 1307 802 1404 quia
814 1305 955 1380 odiosus
968 1321 1033 1393 est,
1048 1318 1084 1380 et
1096 1308 1169 1406 ple·
1310 1393 1312 1402 ,

122 1426 189 1476 nus
205 1403 422 1491 offensionis,
438 1429 555 1504 neque
570 1405 677 1479 etiarn
696 1405 840 1504 perieuli
853 1404 1010 1504 capitalis
1024 1432 1167 1505 expers:

123 1502 227 1601 longa
239 1505 480 1579 insinuatione
493 1505 636 1579 tandem
654 1510 698 1580 eb
714 1503 881 1604 pervenit,
896 1517 937 1578 ut
951 1506 1054 1594 dicat,
1069 1509 1169 1581 abro-

124 1608 204 1699 gati
216 1605 294 1703 lege
307 1605 480 1694 theatrali,
492 1607 677 1704 pecuniam
691 1607 735 1678 ad
748 1606 830 1678 belli
846 1620 1007 1704 sumptus
1021 1607 1171 1680 toleran-

125 1704 186 1778 dos
203 1730 275 1780 non
294 1703 505 1779 defuturam.
534 1704 646 1779 Idem.

172 1802 227 1878 lb.
247 1803 371 1880 Schul.
390 1805 413 1879 l.
433 1807 494 1879 33.
535 1804 623 1884 Ου’δέ
638 1804 707 1910 γοῖρ
724 1802 846 1911 ἔχομεν
863 1805 970 1913 νόμον]
999 1803 1172 1884 Malimts’

48 1931 52 1936 ’
127 1904 272 2078 ”tit
303 1939 335 2077 ‘1⁹
359 1901 485 2084 pap
514 1904 1176 2102 {itti‘nzttbtdttidttb

129 2129 228 2193 unus,
246 2131 451 2205 quanquam
507 2106 608 2180 ollas
623 2131 736 2181 unum
753 2107 853 2180 illum
871 2131 975 2205 supra
992 2106 1089 2180 mille
1101 2109 1174 2180 nnn

130 2219 316 2292 repensent,
342 2220 436 2281 sorte
461 2206 574 2280 electi.
627 2206 663 2279 Is
688 2232 781 2280 unus
807 2206 1111 2306 superaddebatur,
1129 2231 1176 2280 ne
1201 2271 1224 2312 s

131 2329 225 2402 pares
241 2321 361 2380 essent
373 2305 618 2404 suffragiorum
633 2306 768 2382 calculi.
793 2306 1060 2384 Thesmotbetae
1073 2311 1176 2408 qunt-

131 2407 229 2480 annis
247 2408 284 2480 in
303 2407 412 2480 domo
428 2407 580 2526 publiea,
599 2407 660 2496 ubi
672 2408 786 2506 Leges
798 2401 1077 2496 adservabantur,
1092 2433 1176 2482 con·

131 2506 326 2593 veniebant,
354 2522 394 2580 ut
413 2507 568 2581 arderent
585 2533 630 2581 ne
646 2535 716 2609 qua
731 2510 788 2582 lex
804 2510 902 2583 alteri
918 2510 1096 2584 contraria·
1107 2507 1178 2605 legi

131 2620 273 2693 extaret,
291 2629 337 2680 ne
352 2632 422 2705 qua
438 2606 536 2682 irrita
551 2609 644 2683 inter
659 2623 765 2695 ratas,
777 2635 862 2682 neve
874 2607 991 2705 piures
1003 2610 1133 2682 deuna
1143 2620 1180 2679 et

132 2708 253 2782 eadem
272 2732 320 2779 re.
359 2707 469 2800 Quod
486 2709 515 2780 si
532 2731 618 2805 quas
636 2707 839 2803 hujusmodi
857 2706 1178 2804 deprehendissent,

133 2807 322 2906 descriptas
332 2807 750 2906 intabelldproponebant
759 2804 1179 2905 publieeadArcbonturn

133 2905 400 3006 Eponymorum
410 2921 559 2982 statuas:
577 2906 745 3004 Prytanes
759 2910 840 2982 verb
852 2905 1059 2981 concionem
1072 2905 1179 2980 habe·

133 3008 228 3095 bant,
243 3025 284 3080 ut
297 3007 535 3083 Nomotbetae
546 3007 779 3107 designarent.
809 3005 1181 3082 Refer'entePrn'e'dro

135 3107 177 3180 de
188 3108 340 3206 legibus,
355 3109 466 3206 iisque
500 3109 591 3183 alam
606 3135 670 3208 pro
682 3107 853 3184 concione
863 3113 885 3184 a
894 3109 1008 3184 scribat
1016 3108 1181 3196 recitatis,

136 3207 293 3306 quisquis
305 3207 455 3295 volebat,
466 3136 580 3308 deges
593 3211 761 3283 suadebat
773 3211 826 3283 val
839 3209 1074 3297 dissuadebat,
1087 3207 1184 3282 et'si·
1275 3277 1278 3285 ,

136 3334 204 3406 qua
219 3309 422 3406 abroganda
437 3309 513 3384 Lex
536 3322 621 3393 erat,
648 3307 950 3406 unicuique‘lregi
971 3309 1184 3406 abrogandas

136 3406 1183 3507 quinqueexuniversisAtheniensibuseligebanturpatroni.
1288 3445 1296 3458 ,

137 3507 307 3606 Populus,
324 3510 485 3608 expensis
501 3509 665 3606 utrinque
682 3507 888 3594 rationibus,
912 3505 1082 3580 sciscebat
1097 3515 1185 3605 qu'as

138 3608 250 3706 Leges
262 3608 367 3683 vellet
381 3612 403 3684 ὲ
419 3608 731 3694 Nomotbetarum,
745 3607 872 3707 quibus
886 3620 1006 3682 tamen
1020 3631 1095 3680 rem
1108 3627 1186 3681 om·

238 3707 1188 3909 aaanuntiasseniintiasse:

141 3908 642 4006 publictAtheniensium,ubi
655 3909 749 4008 leges
760 3906 1186 4006 cumulandiabrogandi,

141 4007 333 4096 maenadi,
347 4010 500 4110 pruritus
516 4025 554 4084 et
569 4011 765 4108 φιλοκαινία
781 4008 1066 4084 dominabantur.
1097 4006 1189 4082 Vide

144 4105 256 4184 Petit.
270 4109 308 4184 in
321 4109 409 4209 neg.
424 4110 503 4186 Aa.
519 4110 580 4185 lib.
592 4110 617 4184 i.
635 4109 687 4184 tit.
700 4112 737 4186 2.
780 4107 876 4186 Poll.
890 4108 950 4183 lib.
966 4107 1037 4184 viii.
1059 4109 1141 4197 101,
1152 4119 1188 4184 et
