2946 5032
258 391 333 469 308
603 390 970 468 DEMOSTHENIS

261 568 348 642 dum
365 570 552 670 praesentia
567 593 706 670 semper
723 565 932 652 amittimus,
952 579 987 638 et
999 563 1116 639 futura
1130 566 1194 662 sui¹
1205 587 1323 661 spon·

261 683 298 742 te
314 691 352 742 se
368 673 462 744 recte
477 670 637 743 habitura
657 670 856 768 opinamur,
877 679 913 739 et
930 665 1104 752 auximus,
1116 664 1321 739 Athenien*-

262 793 328 856 ses,
346 767 550 867 Philippum
568 794 646 858 nos,
663 785 698 842 et
715 781 854 841 tantum
873 765 1064 854 effecimus,
1081 779 1234 864 quantus
1253 791 1319 838 ne-

261 891 324 942 mo
339 893 496 967 unquam
514 868 581 942 fuit
596 895 657 944 rex
672 866 908 942 Macedoniae.
956 865 1064 938 Nunc
1081 880 1200 939 autern
1218 866 1318 939 venit

261 968 411 1042 occasio.
454 969 577 1061 Quae?
609 969 699 1042 Haec
727 993 833 1066 quam
855 963 1008 1039 offerunt
1033 963 1196 1064 Olynthii
1222 967 1321 1041 ultro

260 1067 405 1155 civitati,
424 1068 520 1142 nulld
537 1069 692 1166 priorum
712 1067 851 1141 illarum
870 1067 1028 1138 deterior.
1309 1084 1312 1103 ·

311 1165 360 1239 V.
387 1168 446 1241 Ac
468 1169 497 1242 si
517 1169 595 1267 quis
614 1169 670 1264 (ut
687 1168 774 1241 mihi
794 1166 935 1266 quidem
957 1165 1108 1264 videtur)
1126 1165 1317 1240 liberalite*

264 1280 338 1340 tem
354 1292 438 1364 erga
455 1293 520 1342 nos
537 1269 690 1342 divinam
709 1270 804 1342 recte
820 1266 983 1354 aestimet,
1002 1266 1045 1353 is,
1063 1266 1205 1340 tametsi
1222 1268 1317 1340 mul·

263 1379 300 1440 ta
317 1391 387 1440 non
406 1369 456 1440 ita
472 1368 543 1440 sint
561 1378 599 1441 ht
619 1369 795 1453 deberent,
819 1376 986 1464 magnam
1007 1379 1126 1439 tamen
1148 1365 1214 1440 diis
1235 1365 1314 1464 gra·

262 1465 350 1540 tiam
367 1467 414 1540 sit
429 1468 622 1553 habiturus,
642 1467 747 1565 idque
759 1467 837 1562 jure
855 1489 895 1538 ac
912 1467 1051 1540 merito.
1104 1465 1201 1539 Nam
1218 1468 1317 1566 qudd

261 1566 375 1640 multa
387 1567 480 1642 bello
493 1567 688 1653 amisimus,
702 1567 739 1639 id
749 1565 975 1663 negligentia
988 1579 1116 1638 nostrae
1127 1573 1312 1665 acceptum

261 1665 391 1740 referre
399 1668 482 1764 jure*
494 1668 616 1765 possis.
667 1666 775 1758 Qudd
792 1682 909 1738 autem
928 1691 1041 1764 neque
1057 1666 1142 1738 olim
1160 1666 1230 1738 hoc
1247 1666 1316 1740 fac·

262 1779 353 1853 tum,
367 1783 404 1838 et
416 1764 641 1864 ostensajam
656 1768 757 1840 nobis
770 1779 824 1838 est
836 1766 1000 1864 quaedam
1014 1765 1161 1838 societas
1174 1791 1256 1864 quae
1270 1767 1316 1840 sit

262 1864 391 1940 idonea
411 1866 574 1940 cladibus
588 1867 684 1940 hisce
704 1866 928 1965 depellendis,
952 1866 1061 1939 modo
1080 1866 1132 1938 uti
1151 1866 1313 1953 velimus,

262 1965 391 2040 divinas
409 1961 661 2041 benevolentius
681 1965 890 2040 beneficium
911 1965 1074 2063 equidem
1092 1965 1313 2064 interpretor.

264 2061 335 2140 Sed
348 2066 491 2164 perinde
500 2068 550 2154 tit,
566 2067 698 2141 scilicet
711 2080 750 2140 ut
760 2068 840 2138 etin
853 2065 1006 2163 parandi
1018 2065 1179 2163 pecunih,
1195 2067 1224 2138 si
1236 2067 1315 2166 quis

262 2189 342 2238 eam
356 2189 462 2264 quam
478 2168 649 2266 acceperit
661 2167 768 2239 etiarn
783 2167 935 2252 servierit,
950 2189 1117 2262 magnam
1129 2165 1235 2238 habet
1247 2167 1316 2239 lor·

64 2349 70 2356 l
111 2267 114 2274 ’
146 2335 147 2340 ,
263 2267 539 2364 tunae·gratiam:
567 2268 621 2340 sin
639 2267 844 2365 imprudens
861 2267 1127 2364 consumpserit,
1148 2267 1315 2339 unicun-

263 2369 415 2462 sumpsit
431 2381 466 2438 et
482 2367 615 2464 accepti
632 2369 653 2438 d
670 2366 810 2439 fortuni
827 2367 986 2439 beneficii
1005 2366 1226 2466 memoriam.
1256 2365 1316 2440 Sic

263 2462 370 2535 etiam
382 2465 418 2536 in
433 2468 535 2537 rebus
549 2465 722 2562 gerendis,
735 2465 796 2564 qui
809 2466 1051 2539 occasionibus
1066 2462 1137 2541 n'on
1152 2469 1247 2540 recte
1262 2466 1316 2538 usi

263 2575 359 2650 sunt,
378 2563 413 2650 ii,
433 2565 573 2638 tametsi
585 2563 670 2637 boni
684 2566 862 2663 quippiam
878 2565 1045 2638 diviniths
1061 2566 1201 2663 obtigit,
1221 2566 1314 2638 haud

262 2662 514 2738 meminerunt.
554 2664 610 2738 Ex
623 2665 749 2738 ultimo
762 2666 857 2738 enirn
872 2679 1011 2752 eventu,
1026 2667 1070 2738 de
1081 2666 1123 2739 iis
1135 2691 1216 2764 quae
1230 2690 1317 2764 prae·

262 2780 453 2851 cesserunt,
471 2766 637 2838 omnibus
650 2765 690 2838 fir
703 2767 908 2864 plerumque
916 2766 1100 2860 judicium.
1129 2766 1314 2866 Quaprop·
1347 2849 1367 2856 ,-

263 2867 318 2940 ter
337 2865 435 2938 vobis
455 2891 498 2938 ea
530 2890 609 2965 quae
632 2879 775 2953 restant,
797 2865 1043 2951 Athenienses,
1052 2868 1198 2961 rnagnae
1222 2881 1318 2938 curae'

263 2989 338 3038 esse
348 2965 488 3052 debent,
500 2977 551 3053 ut,
564 2966 618 3039 his
629 2965 721 3039 vitiis
735 2965 910 3051 correctis,
921 2967 1128 3065 impressam
1141 2965 1187 3037 ob
1198 2990 1253 3037 res
1266 2966 1315 3037 sic

262 3064 521 3138 administratas
534 3064 690 3137 inlamiae
706 3078 827 3137 notam
841 3078 1052 3140 exieramus.
1087 3064 1197 3156 Quod
1210 3065 1240 3138 si
1252 3068 1315 3137 hos

287 3187 402 3260 uoque
415 3162 577 3235 homines
591 3162 863 3250 destituerimus,
878 3163 1126 3251 Athenienses,
1142 3163 1315 3264 atqueille

301 3261 463 3359 lynthum
484 3263 660 3354 everterit;
696 3263 790 3336 dicat
809 3264 898 3337 mihi
918 3265 1054 3362 aliquis,
1077 3265 1175 3357 Quid
1196 3278 1312 3350 restet,

263 3363 357 3462 quod
373 3362 487 3449 illurn,
506 3363 696 3462 quominus
713 3378 769 3437 eat
785 3369 857 3465 quh
872 3365 964 3450 velit,
982 3367 1207 3438 remoretur?
1301 3379 1319 3400 ⁸*

312 3461 378 3537 vl.
395 3463 583 3536 Nuncurs
593 3468 748 3538 vestrum
759 3467 903 3561 cogitat,
914 3466 1209 3556 Athenienses,et
1219 3473 1318 3562 spec·¹

56 3600 61 3609 ·
155 3603 158 3607 ·
261 3575 327 3650 tat,
339 3563 467 3662 quibus
479 3577 553 3636 tom
563 3587 714 3661 magnus
724 3566 832 3636 evasit
841 3564 1046 3652 rationibus,
1058 3565 1220 3637 infirmus
1231 3566 1312 3636 cirrn

196 3689 205 3696 ·
264 3677 356 3737 esset
382 3663 509 3747 initio,
524 3663 706 3760 Philippus
722 3666 746 3745 ἓ]
769 3663 931 3737 Primum
961 3664 1171 3762 Amphipoli
1201 3666 1312 3761 capti,

215 3815 219 3823 -
263 3766 388 3862 postes
397 3762 529 3860 Pydnai,
542 3785 626 3835 mox
635 3761 805 3849 Potidaes‚
818 3764 969 3864 denique
981 3763 1167 3849 Methone,
1180 3776 1311 3861 postre-

264 3867 327 3938 mo
341 3860 561 3936 Thessaliam
577 3862 715 3935 invasit.
765 3863 936 3949 Demhm,
958 3889 1068 3962 quum
1089 3864 1234 3946 Pheras,
1250 3861 1313 3935 Pa·

264 3987 378 4062 gasas,
397 3961 633 4058 Magnesiam,
652 3962 773 4036 omnia
786 3988 850 4041 suo
863 3963 1030 4038 arbitratu
1045 3963 1314 4062 composuisset,

265 4063 301 4135 in
315 4061 504 4136 Thraciam
517 4062 614 4135 abiit.
642 4061 844 4137 Deinddihi
857 4064 996 4162 regibus
1009 4063 1085 4136 aliis
1097 4064 1229 4160 ejectis,
1241 4059 1315 4134 aliis

148 4194 152 4201 ¹
265 4161 476 4247 constitutis,
493 4163 527 4235 in
541 4163 705 4235 morbum
715 4161 855 4238 incidit:
882 4163 1312 4262 exeopaululiim'recree·

266 4277 335 4362 tus,
350 4285 422 4334 non
436 4262 479 4336 ad
493 4261 687 4336 socordiam
702 4287 739 4336 se
749 4264 902 4350 deflexit,
918 4265 977 4339 sed
988 4264 1109 4340 statim
1120 4260 1311 4363 Olynthios
