2946 5032
246 365 338 452 Ι300
601 370 969 448 DEMOSTHENIS

260 522 363 638 Tuast,
382 549 442 623 sed
460 547 606 648 quisque
624 547 691 620 sibi
707 571 781 620 rem
800 571 1028 620 communem
1047 547 1247 644 augendam
1265 572 1326 619 es·

265 677 303 726 se
320 652 477 750 putabat.
530 648 645 720 Exeo
662 667 780 720 autern
798 649 891 746 qudd
909 671 962 720 res
981 646 1189 722 Graeccrum
1206 647 1327 720 fideli·

149 837 152 842 ,
267 754 332 837 ter,
351 751 555 847 religionem
573 747 732 821 Deorum
748 748 1002 820 immortalium
1017 749 1085 845 pie,
1105 747 1324 820 commercia

269 852 361 924 inter
386 851 479 947 ipsos
505 848 733 944 aequabiliter,
765 847 1067 933 administrabant,
1095 873 1166 920 non
1192 846 1326 943 injuriri

269 974 435 1047 magnam
454 948 520 1020 sibi
539 947 738 1021 felicitatem
757 963 975 1046 pepererunt.
1027 948 1132 1020 Tunc
1149 947 1257 1042 igitur
1275 945 1323 1018 ad

268 1051 365 1123 hunc
382 1050 540 1134 modurn,
556 1049 641 1121 dum
659 1048 721 1130 illi,
741 1073 828 1144 quos
846 1047 928 1132 dixi,
951 1071 1101 1121 summae
1119 1047 1323 1144 reipublicae

269 1164 450 1248 praeerant,
465 1175 501 1222 se
515 1149 789 1221 reshabuemnt.
830 1147 868 1220 N
870 1173 950 1235 une,
965 1149 1051 1221 dum
1064 1149 1149 1220 boni
1162 1147 1220 1219 isti
1233 1171 1325 1242 prae·

271 1263 363 1335 sunt,
387 1249 464 1346 quis
482 1273 599 1322 rerum
615 1262 806 1320 vestrarum
829 1261 939 1320 status
960 1251 1043 1322 est?
1079 1248 1237 1333 Idemne,
1259 1258 1325 1318 aut

273 1349 421 1424 omnind
440 1348 594 1420 similis?
625 1345 680 1421 Ac
698 1362 823 1420 caeters
839 1348 982 1444 quidem
1000 1362 1109 1434 taceo,
1131 1349 1213 1422 clun
1232 1337 1326 1418 rnul-

273 1464 309 1522 ta
324 1447 475 1546 prolerre
491 1447 637 1544 possim.
683 1445 753 1520 Sed
770 1471 971 1544 quanquam
986 1448 1026 1519 in
1044 1461 1185 1540 tantam·
1199 1445 1324 1518 in'cidi-

274 1573 354 1622 mus
368 1547 606 1633 solitudinem,
626 1561 791 1644 quantam
808 1548 930 1620 videtis
945 1572 1082 1634 omnes,
1102 1551 1184 1620 cum
1195 1561 1240 1618 *et
1255 1546 1326 1618 Las

275 1647 483 1722 cedaemonii
500 1647 679 1744 perierint,
699 1661 734 1719 et
749 1647 912 1720 Thebani
929 1649 1187 1744 occupatisint,
1207 1659 1242 1718 et
1259 1669 1326 1719 ooe·

275 1764 429 1822 terorum
454 1772 560 1819 nemo
587 1760 700 1820 tantas
726 1746 814 1819 vires
840 1749 976 1834 habeat,
1004 1762 1045 1819 ut
1071 1749 1255 1820 nobiscum
1283 1741 1328 1818 de

149 1897 160 1910 -
278 1848 473 1946 principatu
491 1832 701 1920 contendere
718 1848 831 1933 ausit;
858 1844 1010 1945 crimque
1026 1848 1266 1920 nobislieeret
1290 1859 1329 1917 et

277 1949 408 2046 privata
425 1961 544 2020 nostra
557 1945 633 2022 sine
647 1947 801 2045 periculo
815 1962 943 2033 tenere,
962 1961 998 2020 et
1012 1948 1230 2046 reliquorum·
1241 1971 1328 2018 con·
1411 1939 1415 1946 ’

276 2048 459 2122 accersias
476 2047 691 2144 disceptare:
719 2060 836 2120 tamen
857 2048 983 2121 nostris
1000 2049 1092 2145 agris
1111 2048 1247 2146 spoliati
1270 2071 1329 2119 su·

278 2173 369 2235 mus,
384 2162 420 2222 et
429 2137 614 2245 plusquam
629 2147 725 2223 mille
738 2161 773 2219 et
790 2149 981 2245 quingenta
995 2148 1234 2238 talentanullo
1245 2169 1328 2220 cum
1457 2173 1458 2240 j

160 2258 163 2264 “
277 2246 393 2321 fructu
404 2246 681 2350 insumpsimus3
699 2262 733 2320 et
744 2273 832 2346 quos
843 2249 878 2320 in
890 2249 982 2321 bello
994 2249 1107 2321 socios
1117 2249 1327 2348 paravimus,

277 2348 315 2419 hi
333 2347 428 2443 pacis
445 2361 604 2444 tempore
620 2351 808 2444 perierunt,
832 2361 867 2420 et
888 2349 1025 2422 hostem
1040 2351 1161 2422 contra
1174 2361 1329 2421 nosmet-

277 2446 373 2543 ipsos
400 2459 540 2524 tantum
564 2446 820 2519 instruximus·
850 2449 992 2546 Alioqui
1012 2449 1253 2548 progrediatur
1269 2447 1328 2520 ali.
1457 2481 1458 2490 ,

277 2544 367 2644 quis,
382 2544 518 2618 etmihi
531 2543 635 2632 dicat,
653 2543 770 2630 Unde,
789 2545 857 2618 nisi
867 2572 930 2646 per.
941 2550 1187 2646 nosmetipsos,
1203 2550 1253 2621 ita
1263 2548 1333 2620 sint

235 2655 239 2662 '
280 2660 392 2726 auctae
405 2671 489 2742 opes
501 2643 684 2743 Philippi?
712 2643 779 2720 Sed
796 2647 881 2720 heus
894 2660 946 2737 tu,
964 2650 993 2720 si
1007 2650 1131 2723 vitiosa
1142 2649 1221 2722 haec
1234 2664 1328 2734 sunt,
1457 2695 1458 2714 r

281 2761 318 2822 at
331 2748 544 2822 urbanarum
557 2770 673 2818 rerum
688 2760 797 2819 status
811 2762 865 2820 est
878 2748 1013 2822 melior.
1061 2747 1198 2847 Ecquid
1212 2763 1330 2822 autem
1457 2745 1458 2754 '

281 2847 351 2922 dici
367 2848 500 2944 queat?
535 2845 635 2919 Num
653 2849 926 2945 propugnacula,
943 2875 1023 2947 quae
1042 2849 1273 2923 dealbamus?
1298 2863 1332 2921 et
1374 2841 1378 2846 ’
1457 2845 1458 2856 ³

282 2949 360 3033 vise,
380 2972 466 3044 quas
480 2947 683 3019 reficimus?-
707 2947 895 3020 etfontes?
921 2962 957 3021 et
970 2952 1103 3046 nugae?
1133 2950 1218 3038 Eos,
1238 2973 1333 3048 quae·
1457 2957 1458 2962 ’

247 3107 249 3114 s
284 3073 334 3132 so,
362 3045 563 3130 intuemini,
591 3071 742 3142 quorum
769 3047 946 3122 haecacta
969 3050 1111 3122 suntin
1134 3051 1330 3148 republica:

283 3167 433 3242 quorum
452 3144 510 3215 alii
527 3146 548 3216 e
565 3145 735 3217 mendicis
752 3151 894 3243 repente
908 3147 992 3224 facti
1010 3163 1091 3222 sunt
1115 3151 1252 3238 divites,
1277 3150 1334 3224 alii
1457 3151 1458 3160 ’

284 3269 328 3316 ex
344 3243 499 3316 obscuris
517 3243 611 3330 clari,
631 3246 792 3319 nonnulli
807 3247 955 3346 privatas
973 3250 1065 3322 aedes
1083 3251 1232 3349 publicis
1251 3251 1334 3325 aedi-

284 3344 373 3418 ficiis
394 3343 644 3442 splendidiores
665 3360 913 3421 extruxerunt:
940 3363 976 3423 et
992 3356 1125 3448 quantd
1141 3352 1337 3450 respublica

285 3447 364 3544 plus
377 3445 579 3519 detrimenti
592 3446 695 3543 cepit,
711 3451 811 3520 tanto
823 3467 876 3521 res
889 3448 1037 3522 istorum
1051 3450 1152 3525 lactae
1165 3465 1250 3524 sunt
1261 3477 1334 3526 am·
1457 3435 1458 3498 l

285 3546 424 3644 pliores.
476 3546 571 3637 Quae
596 3547 704 3642 igitur
726 3563 907 3622 causaest
929 3551 1055 3622 horum
1082 3552 1277 3625 omnium?
1301 3565 1336 3624 et
1457 3563 1458 3584 ¹

286 3671 348 3739 cur
361 3645 503 3718 tandem
518 3670 555 3717 se
568 3646 688 3718 omnia
700 3661 777 3726 tum
790 3649 956 3744 praeclare
969 3649 1178 3738 habuerunt,
1192 3665 1230 3724 et
1243 3676 1336 3724 nunc

286 3746 382 3819 haud
395 3745 512 3818 recte?
547 3743 707 3818 Primum
728 3749 822 3844 qudd
843 3763 877 3820 et
894 3750 1055 3846 populus,
1076 3752 1159 3824 ciam
1178 3752 1254 3849 ipse
1270 3751 1335 3824 mi·

286 3847 385 3920 litare
402 3845 554 3942 auderet,
574 3845 738 3918 dominus
754 3862 828 3920 erat
845 3849 1125 3946 magistratuum,
1145 3875 1336 3949 omnesque

287 3945 485 4044 reipublicae
501 3945 682 4018 facultates
699 3946 735 4018 in
754 3949 817 4020 sud
834 3962 1006 4046 potestate
1016 3951 1180 4025 habebat:
1200 3967 1237 4025 et
1249 3953 1336 4025 bene

289 4069 409 4120 secum
427 4045 483 4144 agi
501 4045 671 4144 putabant
685 4047 801 4120 caeteri
814 4073 949 4136 ornnes,
968 4051 997 4123 si
1011 4055 1032 4124 d
1047 4053 1177 4150 populo
1190 4067 1251 4126 aut
1264 4077 1336 4124 ma·

288 4149 486 4244 gistratum,
505 4161 566 4220 aut
580 4147 761 4235 honorem,
782 4166 843 4223 aut
856 4151 1065 4226 beneficium
1081 4153 1234 4251 aliquod,
1253 4177 1333 4227 con·
