2902 5044
357 363 360 370 '
406 352 785 438 ouYNrfflAcAM
810 361 874 436 111.
1093 365 1166 440 263

163 527 210 602 P.
233 529 313 604 1⁰6.
332 529 356 604 l.
374 530 413 606 6.
439 532 565 637 Καιρὲν
581 533 724 640 ipinchon
741 533 959 642 νομίσαντας]
989 535 1051 612 Sic
1064 537 1167 622 Plbss·

108 651 179 700 cus
194 628 235 702 ad
252 627 482 706 Ciceronem:
511 632 663 709 Interim
678 641 871 714 monimum
888 635 946 712 hic
956 636 1167 713 sollieitudi-

107 751 197 800 ocm
219 753 408 830 anumque
430 733 614 810 sentinae.-
639 761 695 825 oe,
727 736 820 815 inter
845 737 963 814 aluno
990 736 1090 824 vitia,
1113 737 1166 812 lc

103 842 240 923 gentes
255 829 391 925 (Gallia
406 833 545 909 citerior
562 850 597 910 et
614 837 774 936 ulterior)
792 841 922 914 nostro
941 838 1038 914 mola
1059 863 1165 913 suom

101 940 239 1022 putent
254 930 484 1007 occasionem.
512 935 680 1012 Wolfius'.

546 1159 657 1232 Secu.
674 1161 726 1235 X.

165 1327 246 1428 lug.
266 1327 350 1402 108.
368 1330 429 1403 l.⁴l
444 1345 479 1406 et
491 1333 529 1404 5.
558 1333 722 1424 Maian
756 1333 826 1426 Μῆ
837 1335 916 1414 λίαν
930 1334 1047 1440 neufch
1062 1335 1163 1416 sinsin

6 1479 12 1500 .
112 1427 148 1533 ᾖ,
167 1433 224 1506 ttol
237 1428 500 1510 mrsassemico
526 1431 679 1535 ἑτοίμως]
702 1435 875 1524 Thebani,
898 1436 1005 1534 justis
1019 1437 1063 1510 de
1079 1447 1160 1510 caui

111 1526 175 1614 sis,
188 1555 433 1628 quamcunque
450 1533 670 1610 occasionem
687 1537 781 1609 sede
797 1535 1073 1609 Atheniensibus
1089 1539 1163 1610 vin·

110 1627 248 1704 dicandi
262 1631 363 1705 avide
376 1633 544 1731 arreptori
553 1647 663 1710 erant.
701 1634 734 1708 li
750 1635 846 1708 enim
857 1661 929 1710 non
946 1636 1062 1711 solum
1081 1651 1161 1732 post

111 1752 246 1826 pugnas
256 1731 478 1806 leuctricam
493 1747 528 1807 et
540 1734 807 1808 Mantinensem
822 1733 984 1833 Spartam
997 1733 1161 1808 deiende·
1194 1805 1200 1814 .

109 1843 203 1918 rant,
227 1831 353 1906 verbm
378 1833 486 1908 etiam
511 1837 634 1933 posteh
649 1835 890 1910 Phocensibus
912 1835 1067 1909 auxiliati
1084 1833 1160 1908 sue·

111 1945 200 2018 not
229 1945 354 2006 contra
381 1934 574 2024 Thebanos
603 1929 900 2032 belligerantibus.
938 1935 1159 2014 Toumellus.

112 2028 216 2122 [Vnde
226 2032 343 2108 Notas
361 2040 466 2133 suprh
482 2062 519 2135 p.
533 2037 605 2110 219
616 2049 652 2109 ct
665 2038 769 2133 220.)

162 2129 214 2205 lb.
233 2134 258 2205 l.
274 2135 297 2204 5
316 2146 353 2205 et
364 2158 460 2232 seqq.
480 2177 486 2193 2
507 2133 627 2214 ’Annol
639 2139 791 2226 Φωκεῖς;
812 2137 868 2212 Oi
883 2131 938 2226 mir
952 2133 1069 2216 οἰκείαν
1094 2135 1159 2234 ἔχ’
1243 2185 1245 2190 ·

114 2227 168 2308 οἶοί
182 2267 215 2311 τε
232 2232 312 2333 iulet
328 2235 513 2332 ΦυλᾶτΊειν,
528 2235 582 2314 s’civ
592 2238 640 2341 μὴ
655 2233 846 2328 βοηθήσηθ’
862 2237 968 2343 clusis]
1005 2236 1072 2308 Per
1081 2237 1158 2308 lon·

112 2357 195 2428 gum
209 2350 352 2433 tempus
370 2360 406 2407 re
423 2337 515 2408 male
532 2338 684 2434 gestatio
702 2337 802 2410 Bello
820 2335 948 2424 Sacro,
964 2338 1059 2435 quod
1077 2362 1157 2410 nec·

112 2434 194 2508 dum
210 2449 286 2509 erat
302 2434 455 2522 finitum,
471 2436 669 2510 Phocenses
696 2438 795 2511 valde
811 2436 948 2512 fuerant
972 2437 1154 2512 debilitati.

112 2531 326 2609 Philomelus
355 2549 391 2606 et
420 2533 680 2626 Onomarchus,
709 2540 779 2612 duo
807 2538 975 2636 praecipui
999 2538 1156 2637 ipsorum

113 2634 228 2724 duces,
246 2635 382 2708 dudlun
401 2635 588 2710 infeliciter
605 2642 789 2734 perierant.
832 2637 1020 2733 Phayllus,
1040 2639 1077 2709 in
1095 2664 1154 2710 eo-

77 2735 85 2742 '
113 2759 188 2808 rum
205 2737 325 2810 locum
356 2735 535 2822 suffectus,
564 2737 684 2808 multis
711 2736 841 2833 praeliis
858 2737 1013 2808 devictus
1030 2735 1153 2808 fuerat.

114 2833 293 2932 Phalecns,
308 2833 527 2910 Onomarchi
544 2836 649 2921 lilius,
664 2848 700 2908 et
721 2835 856 2930 Phaylli
874 2859 1063 2922 successor,
1083 2861 1154 2908 non

115 2938 223 3033 magle
236 2934 391 3009 secunda
406 2935 753 3038 fortune-utebatum
776 2934 1008 3033 Thebanique
1034 2961 1155 3035 perpe·

113 3040 172 3110 tub
187 3036 372 3109 victoriam
389 3038 625 3133 reportabant.
653 3035 709 3110 Ita
722 3049 762 3110 ut
773 3035 973 3112 Phocenses
990 3061 1063 3110 non
1077 3063 1155 3111 suc·

112 3139 275 3208 cumbere
298 3160 370 3208 non
385 3135 592 3234 potuissent,
621 3137 688 3210 nisi
705 3137 747 3211 iis
765 3137 1027 3213 Iacedaemonii
1051 3153 1155 3238 atque
1279 3187 1283 3195 ·

112 3233 345 3308 Athenienses
357 3235 556 3333 frequenter
571 3238 699 3310 auxilia
713 3236 902 3311 misissent.
919 3235 1033 3311 Idem.
1050 3239 1156 3334 [Vide

111 3334 222 3408 Notas
235 3340 342 3433 supra
354 3362 390 3433 p.
408 3337 505 3432 134]

158 3435 249 3509 Ihl.
262 3435 297 3514 7.
315 3433 362 3512 *H
376 3435 488 3527 ἄλλος
504 3438 568 3532 τις]
592 3435 781 3509 Thessalos
799 3435 919 3521 tacuit,
940 3434 1024 3533 quia
1047 3459 1106 3510 eos
1133 3442 1155 3510 e

110 3533 271 3633 Philippo
282 3560 358 3608 esse
367 3535 499 3609 alienos
516 3535 680 3610 ostendit.
731 3535 852 3627 Quare
868 3534 1108 3634 propensiores
1118 3537 1154 3608 in

110 3633 381 3708 Atheniensium
407 3635 599 3726 amicitiam
613 3635 720 3708 videri
746 3649 918 3733 poterant.
970 3633 1154 3710 Hactenbs

110 3733 216 3829 igitur
226 3735 391 3820 ostendit,
406 3734 568 3832 Philippo
585 3761 657 3808 non
675 3734 792 3810 defore
809 3735 1025 3824 facultatem,
1042 3734 1154 3833 Olyn-

111 3834 171 3907 tho
184 3838 298 3932 capul,
316 3835 352 3907 in
371 3835 529 3908 Atticam
556 3835 755 3908 invadendi.
807 3836 916 3910 Nunc
938 3860 1021 3908 eum
1046 3837 1152 3910 etiam

108 3933 194 4006 velle
212 3931 437 4031 probandum
451 3948 514 4007 est.
567 3933 740 4007 Voluntas
757 3935 854 4010 enim
879 3949 916 4008 et
940 3934 1097 4024 facultas,
1118 3952 1156 4010 ut

110 4033 143 4104 in
162 4033 264 4107 omni
281 4059 407 4132 genere
424 4035 604 4107 actionum
623 4035 869 4121 humanarum,
889 4035 992 4108 sicin
1019 4039 1153 4134 conjec-

109 4135 194 4207 turis
212 4134 319 4208 etiem
338 4147 373 4206 et
387 4133 552 4222 consiliis,
569 4133 804 4208 dominantur.
838 4131 1003 4229 Wolfina
