2946 5032
297 374 369 450 304
625 369 1016 449 ARGUMENTUM.

289 547 413 648 posita
425 545 600 620 securitas
616 545 900 619 Athmimsium.
945 541 1144 643 Nunquam
1154 542 1247 616 euim
1260 517 1359 618 Phi-

296 649 443 746 lt'ppum,
477 646 588 720 salvis
636 644 829 744 Olynthiis‘,
870 645 907 718 itt
945 643 1108 717 Atticam
1140 659 1356 718 uenturum.-

296 747 535 820 Athenienses
555 761 673 820 autem
686 746 907 846 facultatem
934 745 1119 818 habituros
1147 770 1223 817 esse
1248 746 1357 818 nani-

292 846 411 947 gandi
426 847 464 919 in
481 845 744 932 Macedoniam,
760 861 865 1016 atZue
881 845 919 918 in
936 843 978 918 eh
990 843 1142 942 gerendi
1166 844 1265 918 belli.-
1289 844 1355 916 sin
1464 889 1465 926 ,

296 947 384 1021 urbs
402 946 517 1020 hucin
549 945 719 1044 Philippo
748 971 792 1018 su
817 961 897 1018 aeta
920 945 1054 1040 suerit,
1087 959 1247 1043 apertam
1268 970 1353 1016 esse
1464 955 1465 1014 1

295 1048 389 1121 uiam
405 1045 485 1160 regi
500 1047 551 1119 ad
573 1046 806 1119 inuadendum
822 1043 1072 1117 Athenienses.
1127 1042 1256 1141 Negat
1280 1071 1353 1116 au·
1464 1037 1465 1112 ἕ

295 1163 363 1220 tem
383 1144 591 1245 Phth'ppum
604 1160 677 1218 tam
689 1159 862 1243 superam
875 1171 951 1217 esse
964 1143 1147 1240 difficilem,
1163 1143 1350 1243 quampu·

296 1262 408 1328 tetur,·
445 1261 487 1318 ut
509 1245 647 1318 animos
669 1259 792 1317 eontra
816 1271 894 1317 eum
903 1244 1030 1341 faeiat
1051 1241 1349 1320 Athmiensihus.
1464 1263 1465 1280 ¹

297 1345 461 1418 Disserit
470 1345 575 1418 etiam
587 1346 628 1417 de
630 1343 1159 1442 perunihpubliehssuadetque
1168 1341 1350 1440 utiespee-
1464 1429 1465 1446 χ

174 1501 179 1514 ,
295 1444 425 1519 torulis
441 1445 492 1517 ad
502 1443 634 1516 militia
647 1468 752 1516 usum
765 1444 1023 1540 transferatur.
1051 1442 1263 1529 Aemorem,
1279 1469 1350 1542 quo
1464 1465 1465 1508 i

293 1543 532 1618 Athenienses
543 1543 719 1642 qumdam
730 1557 816 1616 sunt
829 1543 895 1629 usi,
913 1543 1031 1616 urinis
1043 1557 1174 1629 notum,
1193 1543 1349 1641 esplieaa
1464 1589 1465 1612 1

253 1671 259 1692 1
294 1646 329 1719 ri
344 1669 484 1720 neeesse
499 1659 563 1716 est.
614 1643 701 1728 Cum
717 1643 799 1716 oiim
815 1669 887 1717 non
902 1667 1050 1730 saaeum
1067 1656 1158 1716 esset
1174 1643 1276 1741 apud
1288 1668 1350 1715 eos
1464 1693 1465 1738 ,

295 1745 483 1831 theatrum,
501 1745 567 1817 sed
579 1771 624 1818 eu
639 1743 769 1841 ligneis
786 1743 918 1816 tubulis
935 1757 1146 1828 carassalem,
1163 1761 1350 1841 omnesque
1464 1739 1465 1808 ὲ

294 1845 407 1918 laeum
423 1869 595 1942 (recupare
603 1857 853 1943 properarent,
874 1859 908 1916 et
924 1842 1125 1916 uerberibus
1143 1857 1178 1914 et
1193 1842 1349 1924 nutami-
1464 1859 1465 1922 ζ

295 1945 362 2018 hus
378 1944 484 2018 etiam
496 1939 675 2017 interdum
692 1943 757 2016 alii
772 1942 864 2016 alias
883 1941 1093 2040 afficiebant.
1130 1942 1259 2030 vQum
1271 1967 1347 2016 ma·
1464 1959 1465 2010 ὲ

290 2045 475 2142 gistratus
493 2042 768 2116 Atheniensium
778 2040 1008 2141 prohibituri,
1030 2041 1348 2140 uenaliaseeerunt
1464 2087 1465 2102 ,

294 2145 382 2232 laea,
399 2159 441 2217 ut
452 2169 562 2229 uento,
579 2142 761 2218 nisibinis
777 2141 1105 2228 obolisuumeratis,
1127 2143 1177 2214 ad
1184 2156 1348 2242 speetan-

228 2318 231 2326 ,
294 2246 378 2318 dum
394 2244 649 2318 admitteretur.
685 2241 845 2324 Neaera
855 2268 1035 2342 pauperes
1051 2269 1090 2314 eo
1105 2257 1251 2340 sumptu
1261 2267 1346 2340 pre-

293 2343 344 2416 mi
359 2344 570 2430 viderentur,
590 2343 916 2441 emzstitutumfuit,
937 2358 978 2418 ut
995 2341 1166 2442 ipubliaa
1184 2340 1286 2414 himas
1302 2341 1344 2414 il·

292 2444 347 2516 las
356 2443 473 2522 oholas
486 2444 633 2540 quisque
646 2443 829 2540 arriperet.
857 2445 944 2532 Qua
956 2443 1179 2529 consuetudo,
1195 2440 1276 2516 iuti
1288 2468 1344 2515 ar·

294 2557 343 2629 ta,
368 2540 517 2642 eousqui
537 2541 723 2640 prooessit,
746 2557 787 2614 ut
803 2569 874 2614 uon
890 2571 929 2616 eo
947 2543 1066 2616 namin
1093 2542 1271 2615 duutauht
1287 2569 1343 2615 aa·
1464 2539 1465 2608 T

288 2642 459 2744 'omnent
476 2643 539 2716 sed
590 2642 694 2716 orsus
704 2667 835 2728 ornnem
840 2643 1030 2742 pecuniam
1032 2642 1215 2742 publicam
1225 2642 1344 2716 distri·
1464 2667 1465 2734 r

294 2743 450 2818 haerent.
545 2741 612 2816 udi
628 2744 733 2816 etiam
749 2745 800 2816 ad
813 2744 974 2818 militiam
990 2769 1119 2841 segnes
1121 2742 1225 2842 sacti
1239 2757 1342 2816 sunt.-
1464 2751 1465 2810 t

294 2869 400 2944 quam
417 2843 508 2917 enim
518 2843 707 2944 pecuniam
729 2843 811 2916 alim
852 2859 971 2943 raptor
991 2843 1229 2941 eapeditianes
1244 2842 1263 2917 i
1272 2869 1342 2943 pu·

205 2959 208 2964 '
293 2944 381 3017 blico
399 2944 437 3016 in
452 2937 666 3043 stipendium
680 2871 910 3042 aam'pieiimt,
926 2971 1003 3017 eam
1019 2959 1093 3016 tum
1110 2943 1148 3015 in
1163 2959 1344 3041 speetaen·

294 3044 341 3116 lis
350 3059 385 3116 et
383 3041 594 3136 festisdomi
597 3043 864 3140 partiebantur:
873 3043 1158 3140 uolebantigitur
1153 3046 1342 3140 jarnegre-

294 3143 341 3227 di,
362 3156 398 3214 et
413 3142 532 3214 subire
550 3142 734 3242 pericula.-
747 3142 813 3215 sed
829 3157 862 3232 et
880 3143 993 3241 legem
1011 3143 1189 3232 sciverunt
1210 3145 1254 3216 de
1273 3143 1343 3217 the·

294 3240 405 3316 atrali
418 3240 485 3314 hhe
494 3240 662 3339 peaunih,
673 3267 748 3340 qua
757 3258 901 3316 martem
911 3242 1136 3316 minitaretur
1148 3242 1181 3315 ei
1189 3244 1253 3342 qni
1265 3254 1344 3318 aua·

294 3355 351 3415 tar
366 3357 467 3427 esset,
486 3358 527 3415 ut
539 3370 581 3417 ea
595 3342 633 3414 in
645 3357 791 3416 ueterem
804 3345 960 3418 ordinem
972 3357 1210 3442 reponeretur,
1219 3345 1341 3440 steret-

293 3468 360 3541 que
376 3443 553 3516 militaris.
591 3440 712 3531 Queri
730 3443 989 3518 Demosthenes
1005 3440 1106 3545 panti
1121 3443 1214 3516 haue
1230 3443 1341 3516 eonsi-

293 3543 334 3615 tii
345 3559 487 3640 partem
507 3541 665 3638 attingit,
686 3568 791 3641 seque
811 3544 885 3642 ipse
902 3544 1140 3641 interrogans,
1171 3542 1340 3640 Tuneju-

292 3642 364 3728 bes,
382 3657 423 3714 ut
439 3641 510 3716 hae
525 3642 693 3724 militaris
696 3643 797 3737 fiat?
823 3647 1018 3741 respondet,
1038 3640 1192 3716 Minimi
1209 3644 1291 3718 ueri>
1307 3669 1339 3715 e-

221 3749 225 3766 '
291 3741 441 3841 quidem.
492 3740 616 3840 Atque
630 3740 701 3814 hae
721 3744 763 3814 de
783 3741 950 3816 theatrali
964 3743 1129 3842 peeuuih.
1181 3742 1343 3816 Disserit

293 3857 414 3915 orator
430 3841 535 3914 etiam
553 3843 595 3913 de
608 3841 757 3914 urbanis
774 3869 792 3914 e
839 3843 902 3916 iis.-
929 3844 1019 3942 ipsis
1035 3843 1168 3916 ciuibus
1185 3869 1262 3916 esse
1277 3843 1338 3916 mi·

292 3941 477 4027 litandum,
496 3967 577 4028 nort,
601 3940 708 4014 sicuti
722 3869 891 4028 selehim,
904 3969 974 4042 per
989 3943 1118 4016 milites
1128 3943 1338 4042 peregre'nas

292 4041 593 4141 apemferendam,
612 4041 775 4128 eenseus,·
804 4069 880 4116 eam
890 4043 984 4117 enim
998 4068 1143 4118 eausam
1156 4069 1233 4118 esse
1246 4067 1337 4116 asse-

290 4140 350 4228 rit,
369 4168 433 4216 eur
447 4167 506 4224 res
519 4138 610 4214 mali
620 4157 786 4240 geratur.
