2902 5044
297 447 301 454 ¹
413 360 792 446 onrurmnenu
820 369 864 442 11.
998 426 1005 435 .
1091 375 1165 448 noe
1273 458 1278 466 ,

127 529 209 602 nelle
220 533 407 608 eonsilium
419 538 436 608 Ρ
461 537 554 614 Vere
568 540 636 613 hoe
648 557 702 614 est
712 546 853 623 ἄσκοπα
867 546 1016 648 τοξεύειν,
1030 547 1066 620 et
1079 553 1099 622 a
1107 550 1160 646 jn·

126 633 194 702 nuh
209 633 375 721 aberrare,
395 661 436 710 ae
453 640 580 736 potius,
599 654 677 714 toto
697 645 786 717 coelo
812 671 936 720 errare.
988 647 1097 742 Quo'd
1115 673 1159 722 ne

124 731 324 830 contingam
350 747 511 811 teneatur
534 755 749 840 praeoeptum
775 743 941 819 Philonis
963 748 1000 819 in
1028 749 1156 835 libello,

124 825 170 906 ire
184 833 256 921 πᾶς
272 834 441 927 nutrimine
454 838 622 946 ἐλεύθερος·
637 843 929 942 καἹαλαςὸνἹεςντε
948 851 958 924 l
973 847 1027 926 ἕν’
1042 847 1156 948 λὸγνς,

122 925 182 1017 rolf
196 932 380 1033 ἀποδείξεις
395 937 571 1030 εὕσκὸννως
588 941 850 1050 ἕφαμμὸἣωμεν.
881 945 910 1019 I
929 973 993 1023 em.

167 1028 205 1102 Ρ.
223 1035 284 1106 59.
303 1033 425 1110 Schol.
444 1039 466 1111 l.
492 1041 546 1113 ll.
572 1039 616 1118 *H
636 1042 675 1120 νδ
687 1044 866 1151 συμφέρον]
897 1045 1053 1141 Wolstus
1065 1064 1156 1120 nste-
1194 1117 1196 1122 .

120 1126 245 1206 fiscum
261 1135 310 1239 τῷ
326 1135 491 1242 συμφέρον
507 1143 677 1237 praefixit:
705 1147 820 1234 eredo,
843 1148 938 1246 quod
961 1149 1080 1221 deesse
1096 1149 1155 1220 hle

119 1225 213 1308 δνκέν
227 1249 376 1330 putaret,
403 1253 439 1310 et
463 1265 526 1336 pro
551 1239 674 1322 ἐκείνων
689 1243 878 1342 legendum
895 1245 1031 1338 ἐκείνοις·
1049 1247 1153 1320 sicuti

121 1327 205 1404 inhl
219 1334 275 1421 mir
292 1335 324 1412 l?
339 1339 431 1446 αύτῷ
454 1339 601 1420 δοκεῖν-αν
620 1342 778 1449 (γνώμην)
798 1347 989 1448 εἶά-ηγεῖταν.
1018 1385 1021 1390 ·
1040 1347 1154 1446 Atqui

121 1427 201 1502 nihil
217 1457 304 1532 opus
317 1451 382 1523 est,
401 1451 442 1510 ut
458 1440 593 1538 opinor,
612 1447 868 1534 emendatione,
885 1451 968 1522 nhm
982 1449 1095 1534 verba,
1114 1460 1155 1520 ot

122 1551 208 1604 nune
219 1559 256 1606 se
268 1535 411 1627 habent,
426 1542 577 1614 eundem
592 1567 734 1619 sensum
746 1549 829 1620 satis
843 1549 1031 1622 commode
1043 1547 1154 1654 expri·

123 1646 225 1704 mnnt.
1148 1669 1151 1678 ’

164 1729 214 1806 lb.
233 1732 254 1806 l.
280 1734 333 1807 16.
361 1740 538 1834 ΠεντοίηΊαν
556 1735 699 1850 γνώμην]
717 1746 773 1818 Ex
789 1747 1008 1842 praecedente
1021 1745 1153 1848 γνώμης

121 1843 232 1903 natum
251 1834 398 1907 videtur.
452 1837 638 1916 Sententia
660 1845 808 1918 omnino
825 1848 978 1944 postulat
1003 1861 1043 1918 ut
1069 1869 1152 1918 oum
1228 1861 1233 1871 '

123 1923 246 2025 Wolfio
260 1935 433 2008 scribatur
448 1939 586 2042 μνήμην·
605 1943 708 2016 sicuti
726 1971 810 2016 mox
826 1947 917 2063 αὐτῷ
933 1972 995 2044 pro
1012 1948 1127 2022 αὐτῶν.

160 2028 212 2102 lb.
239 2033 264 2104 l.
291 2033 352 2106 46.
384 2037 620 2138 Ἐζελεῦεσθε]
653 2039 809 2140 Wolfiua
836 2045 922 2142 legtt
950 2045 1151 2135 βελεύὲσθε,

116 2131 201 2296 ¹quod
217 2137 312 2305 cripte
329 2137 476 2212 rectius:
505 2142 607 2214 etsie
631 2145 739 2218 etiam
767 2141 961 2218 Morelliar
985 2145 1022 2217 in
1047 2144 1149 2254 variis

125 2234 247 2304 cetroni
272 2259 326 2306 us.
394 2243 397 2249 ’

157 2328 195 2403 Ρ.
214 2334 275 2406 60.
295 2335 318 2405 l.
341 2335 354 2407 Ι
377 2351 413 2408 et
429 2363 501 2438 seq.
556 2341 650 2442 ’Eyoi
677 2344 704 2422 δ’
731 2343 780 2423 hrt
809 2343 867 2448 μέν
896 2342 978 2424 arn're
1007 2343 1080 2464 ἕξῆν
1109 2343 1152 2449 'rip'

115 2429 219 2528 πόλει]
246 2434 445 2532 Propositio
461 2453 537 2512 est:
565 2441 691 2516 Errare
712 2460 867 2519 oratores
889 2447 951 2547 qui
977 2447 1149 2548 ultronem

116 2525 256 2631 Philippi
267 2537 450 2610 suadeant.
476 2539 1151 2643 Ratiosnmiturddistinotionetempo·

115 2651 195 2720 nrm,
209 2635 306 2731 qudd
324 2661 419 2710 outre
436 2665 507 2712 non
522 2641 594 2715 sint
605 2669 655 2718 eae
668 2646 756 2718 vires
768 2646 1055 2732 Atheniensium,
1095 2669 1151 2716 nae

115 2730 238 2823 pridem
256 2734 398 2823 luerint,
418 2740 571 2813 admisto
588 2743 727 2816 affectu.
781 2745 877 2818 Nam
896 2747 1055 2822 dolenter
1070 2673 1148 2816 haec

115 2828 199 2904 dicit.
253 2832 499 2912 Controversia
516 2839 608 2912 inter
623 2843 904 2917 Demosthenem
921 2860 958 2916 et
974 2845 1061 2917 alios
1080 2857 1146 2929 est,

116 2951 175 3001 non
191 2932 275 3030 quid
288 2938 449 3031 expediat
466 2938 564 3033 (uam
578 2957 614 3013 et
626 2941 700 3041 ipse
710 2943 912 3042 Philippum
926 2963 1009 3017 enm
1023 2942 1145 3042 primis

114 3051 307 3198 &pressum
323 3037 440 3134 vellet)
460 3043 520 3112 sed
543 3041 627 3139 quid
651 3043 719 3118 hoe
741 3055 899 3143 tempore
922 3045 996 3118 lieri
1013 3044 1144 3146 possit

160 3131 197 3202 ol
265 3187 274 3206 .
1070 3201 1073 3206 .

156 3131 285 3306 dirps!
307 3249 345 3306 et
361 3261 455 3336 seqq.
499 3239 595 3340 ’Eynl
616 3241 643 3319 δ’
668 3279 703 3320 κ.
728 3281 759 3322 r.
784 3244 844 3345 n]
882 3241 1144 3319 Demosthenes
1216 3251 1220 3260 '

113 3327 190 3404 dnos
214 3357 327 3406 annos
351 3352 432 3432 post
455 3337 658 3436 Philippum
685 3359 788 3415 natus
814 3345 976 3438 (scilieet)
995 3341 1141 3440 Olympa

113 3449 207 3514 xcix,
224 3455 306 3504 nnn.
322 3437 403 3531 ‘ltol
421 3463 504 3510 eum
520 3440 691 3537 principio
707 3442 889 3514 infirmum
906 3443 1048 3526 viderat,
1067 3461 1142 3512 mn·

112 3528 221 3627 gisque
236 3531 404 3607 idoneum
419 3539 480 3635 qui
493 3535 660 3636 reciperet
671 3540 776 3640 leges,
792 3544 900 3640 quhm
913 3542 974 3641 qui
987 3539 1141 3640 praesori·

112 3627 203 3702 beret
239 3630 461 3708 Tourreltus.

147 3727 201 3820 lb.
213 3731 332 3805 Schol.
345 3734 367 3804 l.
385 3737 397 3807 l
411 3738 437 3808 1.
462 3737 638 3830 Ὀλυνθίνς
651 3741 733 3838 σῶς]
746 3742 938 3830 Mendurn,
948 3742 1043 3844 quod
1056 3740 1139 3814 ohm
1282 3729 1286 3734 ’
1393 3753 1398 3762 ’

112 3826 177 3901 hee
201 3829 400 3907 festinatius
429 3838 582 3934 legerem
609 3843 727 3914 neseio
757 3845 938 3940 quomodo
965 3843 1138 3914 intantum

111 3931 341 4128 prsetefierarq.
368 3935 536 4010 Rescribe
553 3939 679 4017 reiron.
709 3941 831 4037 [Quod
848 3944 883 4014 in
903 3940 1139 4015 beneditione

113 4044 305 4120 promtum.

136 4123 200 4198 *lh
224 4129 317 4203 l.'l2
348 4149 389 4228 etx
411 4159 504 4234 seqq.
555 4138 711 4313 0213pr
735 4139 1008 4248 τιμωρησαμένων
1033 4138 1139 4224 ariaci»
