2902 5044
710 392 739 484 [.;
776 383 851 463 284
875 383 942 485 ,·].

474 575 1154 718 onnosrnnuts
1232 709 1236 716 ¹
1323 578 1326 586 ·

556 767 1002 848 O'LYN'PHIACA
1042 772 1073 844 l.
1174 801 1179 812 ·

533 883 829 1033 bonoamico
842 909 1093 1008 SECUNDA.
1270 877 1274 884 ι

234 1093 236 1098 Ι
291 1103 401 1214 'Ctu
417 1135 538 1210 multis
551 1141 594 1210 e'x
605 1111 717 1222 rebus,
729 1133 975 1220 Athenienses,
988 1132 1135 1232 perspici
1145 1099 1353 1238 mihipbssc

298 1237 433 1314 videtur
458 1237 603 1329 deorum
631 1234 886 1312 immortalium
906 1231 1149 1308 benevolentia
1175 1233 1351 1331 dechrata
1446 1327 1447 1330 Ἴ

286 1363 381 1434 ¹erga
396 1334 490 1426 bunc
514 1335 778 1436 rempublicam,
798 1340 875 1410 tbm
904 1339 985 1410 verb
1011 1333 1239 1413 maximeex
1255 1360 1349 1432 W·

205 1504 207 1510 .
285 1426 390 1522 ssenti
407 1462 522 1512 rerum
537 1453 640 1518 statu.
677 1481 680 1488 ·
694 1435 801 1530 Quod
815 1434 909 1518 enim
925 1431 1216 1534 bostuslPlrilrppi
1227 1435 1349 1536 extite-

285 1535 370 1646 print
387 1535 422 1623 ii,
438 1539 497 1636 qui
511 1551 546 1610 et
557 1537 744 1610 finitimam
756 1535 789 1610 ei
801 1538 979 1634 regionem
992 1547 1177 1633 teneonet
1188 1535 1350 1638 poteptilr

300 1634 471 1712 nonnulla
487 1639 623 1736 praediti
647 1652 742 1724 sunt,
768 1652 814 1724 et,
839 1638 933 1735 quod
960 1635 1349 1738 omnium„‚maxin1um
1447 1627 1448 1658 ¹

159 1748 162 1756 '
287 1737 362 1830 ‘'est,
383 1737 425 1810 de
443 1737 511 1812 boc
528 1738 619 1812 bello
635 1738 686 1812 ita
703 1739 870 1820 sentiunt,
886 1751 926 1834 ut
937 1761 1086 1833 ,ornnem
1103 1761 1184 1832 quae
1194 1734 1349 1821 cttmillo

286 1833 360 1924 {fiat
377 1827 706 1924 reconciliationem,
726 1838 880 1936 primbm
907 1836 1064 1921 infidam,
1083 1835 1211 1909 deinde
1225 1837 1349 1940 ,pptriae

301 1939 373 2014 snae
384 1937 567 2038 exitiosam
578 1964 653 2012 esse
664 1953 799 2036 putent,
812 1937 1015 2021 admirabile
1025 1935 1349 2040 q'uqdda'mzacdiri·

287 2037 388 2130 [num
406 2042 545 2136 prorsbs
560 2039 769 2113 beneficium
785 2065 859 2118 esse
873 2035 1020 2110 videtur.
1050 2035 1143 2134 Illud
1151 2030 1262 2134 igitur
1275 2039 1348 2133 jam

284 2139 551 2238 ‚providendum
571 2137 647 2236 erit,
666 2125 913 2238 Athenienses,
928 2163 972 2211 ne
988 2136 1054 2236 ipsi
1072 2111 1115 2210 de
1133 2124 1349 2242 nobisffppjlps
1449 2180 1450 2200 r

291 2239 437 2325 mereri,
445 2243 550 2338 quhm
560 2239 910 2326 fortunavideamur.
930 2238 1025 2316 Nam
1033 2233 1143 2338 tu'r'pe,
1151 2235 1349 2338 imdputibs

301 2340 463 2412 omnium
478 2341 734 2437 turpissimum,
753 2339 866 2424 fuerit,
887 2365 957 2410 non
977 2337 1197 2412 modburbes
1211 2353 1249 2415 et
1262 2335 1347 2423 loca,

301 2463 380 2534 quae
391 2438 577 2534 aliquando
591 2441 781 2524 tenuimus,
795 2438 911 2535 palam
928 2439 1086 2534 abjicere,
1105 2439 1227 2510 veriam
1242 2439 1347 2512 etiam

302 2540 323 2610 ὲ
340 2536 480 2610 fortund
497 2553 716 2634 comparatos
734 2553 769 2610 ct
785 2540 898 2612 socios
915 2553 951 2610 et
968 2540 1177 2612 occasiones.

351 2635 398 2711 Π.
413 2635 472 2710 Ac
487 2637 639 2735 Philippi
653 2639 795 2736 quidem
808 2639 894 2711 vires
906 2638 1349 2727 recensere,Athenienses,

302 2753 338 2812 et
353 2737 526 2836 ejusmodi
541 2740 697 2812 oratione
711 2740 753 2812 ad
769 2739 923 2812 officium
938 2738 1137 2815 laciendum
1150 2765 1212 2812 vos
1228 2739 1349 2812 exhor·

303 2838 379 2926 tari,
392 2865 463 2914 non
475 2840 676 2913 consultum
688 2865 762 2912 esse
772 2839 947 2912 existimo.
968 2839 1239 2930 Quamobrem?
1257 2837 1350 2931 Quia

302 2939 468 3037 quicquid
479 2944 520 3012 eal
533 2941 576 3013 de
589 2965 625 3011 re.
637 2941 775 3025 dixeris,
788 2940 835 3026 id,
848 2955 888 3010 ut
898 2939 930 3010 ei
944 2939 1074 3036 aliquid
1088 2939 1209 3012 afferre
1226 2940 1348 3025 laudis,

302 3041 352 3112 sic
366 3039 468 3111 nobis
481 3064 534 3110 res
546 3065 616 3110 non
629 3041 792 3137 praeclare
802 3039 1060 3126 administratas
1071 3041 1293 3137 exprobrare,
1305 3041 1350 3114 vl·

305 3138 415 3210 detur.
443 3136 528 3227 Qud
540 3139 634 3209 enim
652 3139 678 3210 is
693 3138 792 3235 plura
809 3164 912 3235 supra
930 3140 1137 3235 dignitatern
1153 3165 1255 3212 suam
1274 3167 1349 3238 ges·

221 3297 236 3316 ,
305 3236 361 3322 sit,
380 3241 422 3309 ed
440 3237 677 3311 admirabilior
694 3238 784 3335 apud
804 3263 926 3311 omnes
944 3239 1112 3312 habetur:
1142 3265 1202 3313 vos
1211 3257 1351 3338 quanto

305 3335 457 3410 deterius
470 3342 576 3435 quhrn
591 3339 755 3412 decuerat
770 3339 821 3412 usi
837 3341 937 3412 rebus
956 3341 1051 3427 estis,
1064 3354 1163 3412 tanto
1182 3337 1350 3437 rnajdrem

305 3437 538 3534 ignominiam
554 3440 764 3537 suscepistis.
786 3440 1173 3536 Haecigituromittanr.
1193 3440 1349 3526 Etenim,

304 3538 333 3610 si
350 3536 429 3635 quis
448 3540 524 3610 vere
543 3540 748 3624 consideret,
768 3538 1015 3625 Athenienses,
1036 3540 1118 3612 hinc
1136 3565 1219 3614 eum
1239 3542 1352 3616 videat

306 3663 475 3734 magnum
494 3663 568 3710 esse
585 3638 728 3722 lactum,
746 3664 815 3710 non
831 3644 852 3711 a
866 3641 1066 3737 semetipso.
1097 3639 1250 3715 Proinde
1267 3667 1351 3740 quas

305 3737 363 3808 ille
377 3763 430 3809 res
442 3753 599 3835 acceptas
614 3737 656 3810 iis
667 3738 790 3810 referre
801 3738 937 3827 debeat,
946 3739 1008 3837 qui
1020 3765 1064 3812 ex
1073 3742 1147 3835 ejus
1161 3743 1351 3816 commodo

280 3871 284 3882 ·
305 3837 556 3934 rempublicam
565 3838 862 3924 administrabunt,
870 3864 1027 3937 quosque
1035 3865 1095 3910 vos
1107 3841 1352 3940 suppliciisco-

304 3962 418 4012 ercere
444 3938 575 4024 deceat,
594 3963 687 4010 nunc
713 3963 784 4011 non
806 3964 880 4010 esse
906 3938 1006 4012 video
1033 3941 1195 4014 narrandi
1222 3943 1350 4016 locum.

230 4106 233 4115 .
305 4035 398 4129 Quae
410 4039 646 4126 antemetiam
661 4051 787 4135 praeter
798 4039 871 4112 haec
888 4065 924 4111 se
937 4038 1100 4126 offerunt,
1115 4055 1151 4113 et
1164 4042 1263 4115 vobis
1277 4067 1350 4116 om·

306 4139 408 4212 nibus
428 4137 613 4210 utilissima
631 4154 713 4210 sunt
738 4140 871 4224 auditu,
890 4153 1085 4235 almagno,
1103 4141 1349 4224 Athenienses,
