2946 5032
526 378 906 486 “[294]

480 525 1142 754 onnosluunnis

455 823 458 830 ·
509 789 1013 904 OLYNTHIACA
1045 789 1105 889 Π.

556 961 686 1056 vunai)
712 1003 846 1056 sursus
872 977 1071 1055 TERTIA.
1177 963 1182 982 ’

286 1169 318 1242 1.
345 1125 452 1243 Nou
468 1167 562 1244 idem
580 1183 732 1244 statuere
749 1195 906 1270 possum,
927 1167 1179 1257 Athenienses,
1195 1165 1281 1240 clun
1297 1166 1334 1238 iu
1457 1149 1458 1152 ¹

286 1287 342 1342 res
354 1271 506 1356 intueor,
524 1284 561 1344 et
575 1271 613 1342 in
631 1271 806 1349 orationes
823 1293 911 1368 quas
927 1257 1042 1344 audio.
1069 1293 1073 1304 ·
1094 1268 1195 1340 Num
1211 1267 1335 1340 oratio·
1457 1300 1458 1360 1

286 1393 349 1442 nes
370 1371 513 1468 quidem
537 1367 580 1442 de
599 1371 799 1444 ulciscendo
814 1370 978 1473 Philippu
995 1368 1127 1454 haberi,
1146 1393 1201 1440 res
1218 1379 1335 1440 autem

286 1473 330 1542 ed
341 1491 553 1570 progressus,
565 1471 677 1557 video,
695 1484 745 1557 ut,
758 1493 803 1542 ne
812 1469 988 1569 ipsi'prius
1001 1468 1238 1541 infortunium
1252 1466 1336 1540 fers·
1457 1505 1458 1510 κ

285 1591 377 1656 mus,
399 1570 446 1643 sit
465 1571 731 1668 providendum.
783 1570 884 1643 Nihil
900 1570 1008 1668 igitur
1025 1569 1119 1641 uliud
1137 1569 1206 1641 nisi
1224 1591 1335 1640 errare

287 1669 375 1742 mihi
387 1669 593 1758 videnturii,
605 1671 665 1770 qui
676 1671 743 1744 ista
752 1671 975 1756 dicuntciun
987 1669 1240 1766 argumentum
1250 1681 1337 1740 truc-
1457 1687 1458 1738 1

286 1782 363 1843 tent
375 1771 516 1868 prorsus
533 1773 577 1844 ub
590 1772 782 1844 hdovestrd
795 1767 1045 1844 deliberatione
1062 1770 1231 1843 alienum.
1259 1767 1337 1865 Ego

284 1870 558 1967 vernaliquando
569 1865 708 1943 licuisse
718 1870 859 1957 civitati,
871 1884 980 1943 etsuu
990 1867 1337 1955 teneretutd,etPhi·
1457 1875 1458 1952 J

285 1963 423 2068 lippum
441 1969 572 2055 ulcisci,
593 1971 759 2087 praeclare
785 1971 958 2042 memini:
987 1973 1068 2043 med
1093 1969 1202 2042 enim
1221 1981 1336 2054 aetute,

287 2091 359 2143 non
385 2069 484 2155 olim,
508 2085 732 2168 contigerunt
747 2071 824 2143 haec
841 2084 1010 2168 utraque:
1036 2092 1134 2142 nunc
1150 2081 1271 2142 sutem
1289 2067 1338 2140 sic
1457 2141 1458 2148 ,

286 2169 445 2259 arbitror,
465 2171 550 2243 sutis
570 2191 646 2243 esse
665 2171 779 2258 nobis,
795 2171 832 2243 -si
852 2171 920 2243 hoc
939 2166 1096 2268 primurn
1117 2168 1338 2243 anteverteri-

286 2295 379 2357 mus,
397 2283 439 2342 ut
455 2271 568 2343 socios
584 2293 854 2344 conservemus:
883 2271 1010 2343 bouum
1028 2270 1125 2344 enim
1141 2271 1236 2342 sulus
1255 2269 1284 2342 si
1301 2268 1338 2340 in
1457 2263 1458 2346 Ϊ

285 2383 364 2444 tuto
381 2371 551 2443 collocata
567 2369 683 2456 inerit,
707 2384 785 2444 tum
802 2385 837 2444 et
854 2375 928 2469 qud
940 2370 1082 2443 ratione·
1093 2370 1195 2443 illum
1218 2367 1337 2442 ulcisci
1457 2379 1458 2414 l

285 2469 438 2566 possitis,
467 2470 636 2566 dispicere
662 2471 803 2543 licebit:
836 2474 1026 2569 antequinn
1060 2471 1179 2544 nutem
1210 2469 1336 2568 princi·
1457 2483 1458 2562 l

285 2567 384 2666 pium
403 2571 496 2642 recte
513 2569 758 2658 constituatur,
777 2593 1072 2670 supervacaneum
1089 2597 1165 2644 esse
1182 2571 1275 2644 duco
1295 2568 1337 2642 de
1457 2589 1458 2644 ξ

284 2669 356 2741 fine
370 2668 483 2741 ullum
495 2667 609 2742 fucere
622 2672 780 2743 verbum.
1235 2698 1245 2716 κ
1457 2659 1458 2690 ¹

292 2795 295 2806 ·
335 2769 384 2842 Il.
411 2766 468 2842 Ao
491 2784 651 2870 tempora
673 2772 817 2870 quidem
839 2771 929 2858 haec,
951 2769 1199 2858 Athenienses,
1222 2770 1252 2844 si
1270 2771 1335 2842 un·
1457 2765 1458 2832 l

284 2893 391 2969 quum
415 2872 566 2944 nuncin
583 2871 717 2969 primis,
737 2893 905 2970 magnum
923 2871 1183 2944 solicitudinem
1201 2885 1239 2944 et
1255 2895 1333 2969 pru·

284 2971 441 3044 dentium
460 2969 663 3068 requirunt:
691 2994 757 3069 ego
771 2976 861 3059 vero,
881 2995 952 3044 non
969 2973 1055 3070 quid
1071 2968 1108 3044 in
1123 2971 1221 3044 hisce
1234 2972 1334 3045 rebus

285 3070 506 3143 suadendum
524 3071 581 3157 sit,
600 3072 849 3144 difficillimum
866 3081 942 3144 esse
958 3067 1065 3146 duco:
1089 3073 1149 3145 sed
1166 3071 1256 3145 illud
1272 3068 1333 3143 du·

284 3169 371 3266 bito,
386 3191 456 3267 quo
470 3169 517 3242 sit
529 3184 644 3266 pacto,
655 3170 904 3258 Athenienses,
920 3173 1014 3271 apud
1025 3197 1087 3246 vos
1099 3173 1142 3245 de
1155 3171 1205 3245 eis
1219 3172 1334 3245 dicen-

285 3269 393 3366 dum:
422 3290 626 3366 persuasum
644 3273 740 3344 enim
757 3273 881 3360 habeo,
894 3287 1070 3371 quantum
1088 3277 1207 3347 eornm
1222 3269 1334 3346 andivi

285 3381 321 3442 et
337 3369 504 3458 intellexi,
522 3371 561 3444 in
578 3372 751 3471 plerisque
763 3399 825 3446 vos
839 3373 995 3448 frustrari
1014 3373 1176 3472 negotiis,
1196 3386 1335 3472 propter

284 3470 391 3546 officii
407 3471 511 3544 vestri
524 3473 737 3569 neglectum,
757 3499 829 3546 nou
842 3499 886 3546 ex
903 3473 1064 3558 inscitidt
1091 3476 1199 3572 quare
1216 3487 1298 3572 peto
1315 3471 1334 3542 d

283 3571 394 3657 vobis,
409 3585 449 3644 ut
462 3597 531 3659 me,
550 3572 580 3644 si
596 3574 703 3672 paulo
719 3572 864 3648 liberius
881 3576 985 3648 verbu
1000 3573 1126 3661 fecero,
1147 3567 1285 3660 l‘erotis3
1301 3584 1335 3644 et

283 3670 320 3744 id
334 3671 507 3770 spectetis,
524 3697 569 3744 an
588 3674 806 3761 veredicum,
825 3677 934 3772 euque
950 3676 995 3748 de'
1011 3673 1128 3762 coust,
1148 3671 1190 3746 ut
1205 3673 1333 3771 reliqua

284 3770 547 3844 liantmeliora:
575 3773 816 3861 videtisenim,
829 3799 936 3862 exeo,
948 3775 1197 3873 quodquidam
1208 3775 1336 3871 adgra-

286 3871 372 3944 tium
386 3872 573 3944 conciones
586 3871 729 3962 habent,
747 3899 800 3948 res
814 3887 949 3948 nostras
962 3875 998 3947 in
1017 3898 1162 3950 omnem
1176 3897 1333 3973 progres-

284 3995 339 4044 sas
364 3995 440 4044 esse
463 3971 725 4047 calamitatem:
754 3973 986 4048 necessarium
1013 3988 1132 4048 autem
1159 3973 1331 4058 existimo,

284 4095 396 4169 pauca
422 4070 519 4145 vobis
547 4097 590 4144 ex
616 4071 657 4146 iis
684 4099 766 4172 quae
786 4073 886 4160 ducta
902 4088 985 4148 sunt
1002 4075 1038 4148 in
1058 4075 1267 4148 memorium
1286 4097 1333 4146 re

282 4193 418 4245 ‘vocam
