2902 5044
481 369 816 455 OLYN'I'HIACA
841 379 871 452 Ι.
962 391 965 396 “
1126 365 1198 456 289

139 562 276 636 tentes,
295 559 331 624 et
342 549 433 650 quid
445 552 528 626 nori
538 537 828 640 sit'sciscitantes,
842 567 1006 652 superet·
1029 553 1107 652 Ego
1120 557 1197 655 qui-

7 640 12 745 ᾗ
137 649 232 724 dem
249 651 315 723 hoc
331 653 558 726 non'miror:
586 653 801 728 contrarium
823 655 940 752 potihs
966 654 1197 742 admiratione

138 739 296 847 dignuu'r
307 767 410 838 esset,
425 754 455 825 si
472 753 560 828 nihil
573 754 709 852 agendo
727 777 803 839 nos,
822 755 915 852 quod
929 754 1059 831 bellurn
1074 781 1197 851 geren-

139 850 241 922 tibus
252 852 427 938 convenit,
438 878 521 925 eurn
530 853 595 950 ‚qui
606 853 735 951 ubique
744 855 860 927 officio
875 855 1203 951 lungiturvincere·¹

139 975 240 1024 mus.
251 950 346 1024 Illud
355 953 643 1039 autemdenriror,
652 953 893 1032 obmolimvos
904 953 1195 1048 Iacedaemoniis,

139 1049 392 1138 Athenienses,
417 1053 549 1126 bellurn
566 1053 753 1128 intuleritis
769 1079 832 1151 pro
849 1055 1032 1138 communi
1051 1053 1196 1132 Graeco·

140 1176 226 1222 rum
236 1147 415 1239 libertate;
431 1167 467 1226 et
477 1153 589 1226 multa
601 1157 705 1251 saepe.
710 1154 841 1251 privata
854 1152 1105 1243 emolumenta,
1117 1177 1203 1255 quae.
1222 1156 1226 1162 ¹

133 1251 293 1349 arripere
303 1251 497 1339 licuitsitis
508 1253 1195 1353 aspernati3utquealiijossuumobtine·

140 1366 234 1437 rent,
245 1364 377 1425 vestras
383 1379 466 1450 opes
476 1352 728 1452 impenderitis,
742 1355 913 1428 tributum
925 1354 1148 1446 conferendo,
1160 1369 1198 1430 et

141 1451 297 1546 pericula
307 1478 371 1549 pro
381 1453 457 1526 aliis
468 1453 632 1541 adieritis,
645 1455 847 1529 militando:
863 1481 957 1528 nunc
968 1457 1201 1542 vosduhitere,

142 1549 247 1639 exire,
259 1565 296 1624 et
309 1553 465 1650 segniter
476 1553 633 1636 conferre
645 1580 708 1654 pro
718 1555 839 1628 vestris
853 1551 994 1652 privatis
1004 1557 1195 1652 possessio-

143 1650 268 1724 nibus:
306 1669 343 1726 et
359 1655 442 1726 chrn
459 1657 553 1752 saepe
569 1655 656 1727 alios
674 1654 898 1740 servaveritis,
915 1657 985 1752 que
1003 1655 1192 1742 universos,

142 1751 214 1848 que
228 1752 410 1849 singulos3
437 1754 556 1826 vestris
567 1755 702 1828 amissis
716 1754 841 1852 opibus
856 1777 915 1827 vos
929 1753 1098 1827 desidere:
1118 1755 1205 1838 haec.

144 1851 265 1924 miror:
280 1867 385 1951 atque
396 1853 482 1927 illud
493 1855 613 1940 etiam,
625 1855 655 1948 si
665 1857 819 1927 vestrrim
831 1878 937 1928 nerno
947 1866 1106 1952 reputare
1116 1879 1196 1952 pos·

144 1950 200 2038 sit,
218 1951 470 2040 Athenienses,
497 1968 631 2050 quanto
654 1957 729 2050 jam
754 1969 912 2052 tempore
931 1979 1013 2027 curn
1030 1953 1195 2052 Philippo
1220 2005 1223 2010 -

144 2051 275 2126 bellum
301 2052 448 2150 geratis3
474 2052 627 2153 quidque
653 2053 750 2129 vobis
776 2053 997 2141 iacientibus,
1025 2079 1132 2128 omne
1158 2054 1196 2128 id

143 2164 281 2252 ternpus
300 2153 527 2252 praetenerit:
560 2155 673 2230 ndstis
690 2155 787 2230 eninr
805 2155 872 2229 hoc
896 2152 1040 2243 scilicet,
1057 2179 1194 2239 cessan-

143 2251 234 2326 tibus
252 2253 363 2340 vohis,
381 2253 468 2328 alios
485 2255 657 2353 quosdam
681 2258 755 2328 rern
779 2268 939 2353 gesturos
961 2255 1193 2354 sperantibus,

144 2354 216 2426 aliis
230 2353 319 2426 alios
329 2354 562 2453 culpantibus,
570 2356 827 2439 accusantibus,
835 2356 953 2434 rursbs
960 2355 1192 2454 sperantibus,

143 2454 263 2526 endem
290 2452 363 2528 iere
385 2480 464 2553 quae
490 2481 585 2530 nunc
607 2457 803 2554 agentibus,
822 2455 1026 2532 universum
1052 2470 1193 2556 tempus

143 2555 287 2628 abiisse.
312 2553 452 2630 Deinde
462 2557 594 2632 adedne
605 2557 774 2655 desipitis,
789 2554 1038 2642 Athenienses,
1052 2570 1103 2643 ut,
1115 2556 1192 2655 qui·
1244 2627 1248 2638 ,
1360 2629 1363 2637 λ
1400 2525 1404 2536 ¹

143 2653 205 2728 hus
216 2654 411 2728 rationibus
423 2659 444 2730 e
458 2657 619 2730 secundis
632 2658 783 2730 adversae
797 2683 850 2729 res
864 2655 965 2730 lactae
979 2671 1062 2730 sunt
1074 2656 1192 2729 civita·

142 2753 197 2842 tis,
214 2754 258 2826 iis
275 2754 360 2852 ipsis
378 2758 521 2853 speretis
539 2782 596 2830 eas
610 2782 653 2828 ex
666 2755 816 2828 adversis
830 2753 904 2826 iore
917 2756 1111 2831 secundas?
1139 2753 1217 2846 At,
1268 2801 1272 2805 -

141 2853 235 2928 istud
251 2869 289 2927 et
305 2854 507 2928 incredibile
522 2870 587 2940 est,
613 2869 649 2928 et
665 2879 782 2928 rerum
801 2865 936 2926 naturae
953 2853 1188 2931 contrarium:

142 2955 255 3029 rnultd
266 2953 365 3028 enirn
378 2954 525 3042 facilius,
543 2981 623 3054 quae
640 2953 808 3040 habeatis,
824 2952 964 3027 delendi
981 2954 1095 3028 solent
1112 2978 1190 3036 om,-

140 3056 210 3141 nia‚
227 3059 336 3154 quern
354 3055 482 3153 parari:
509 3056 618 3130 Nunc
635 3055 897 3153 possessionum
915 3068 1084 3142 veterum,
1100 3053 1189 3128 nihil

140 3157 264 3230 hhello
277 3168 332 3227 est
341 3154 512 3243 relictum,
531 3157 625 3254 quod
638 3172 820 3233 tueamur:
848 3157 908 3230 sed
922 3159 965 3230 de
979 3156 1117 3256 integro
1131 3183 1189 3255 pa·

140 3255 256 3330 randae
287 3269 381 3328 sunt.
434 3254 603 3330 Vestrfim
629 3256 736 3354 igitur
753 3255 911 3352 ipsorum
929 3257 1053 3351 idjam
1079 3259 1189 3332 offici·

141 3380 200 3428 unt
217 3370 283 3428 est.

145 3541 151 3554 ‚
187 3455 255 3530 IX.
300 3455 442 3549 Quina
466 3458 598 3530 suadeo
624 3470 665 3529 ut
689 3453 876 3554 pecuniam
894 3451 1092 3541 conferatis,
1120 3453 1187 3552 ipsi

138 3555 296 3644 militetis
321 3557 489 3644 alacriter,
518 3556 698 3630 neminem
724 3554 871 3652 culpetis
898 3567 984 3632 ante.
1006 3579 1186 3654 recupera·

137 3670 214 3729 turn
232 3657 437 3755 imperium:
452 3670 496 3730 ,ut
509 3670 589 3730 tum'
604 3680 648 3730 ex
662 3655 746 3754 ipsis
764 3653 864 3728 lactis
881 3653 974 3728 lacto
985 3654 1132 3753 judicio,
1150 3669 1188 3729 et

136 3755 239 3830 leude
256 3756 382 3854 dignos
399 3756 603 3842 honoribus,
621 3769 656 3830 et
672 3755 850 3830 maleficos
867 3755 993 3854 poenis,
1012 3755 1184 3832 afficiatis:

135 3881 327 3954 causasque
342 3857 428 3930 item
451 3854 632 3930 deserendi
646 3853 727 3928 belli
748 3853 793 3930 ab
812 3853 1105 3956 Imperatoribus,
1124 3855 1185 3930 sti·

135 3955 266 4054 pendio
282 3955 348 4030 rite
365 3957 602 4054 persolvendo,
629 3955 848 4056 praecidatis:
876 3981 989 4056 neque
1014 3957 1111 4029 enirn
1134 3955 1184 4030 las

135 4071 189 4130 est
205 4056 244 4130 in
259 4056 409 4131 alioruin
429 4055 519 4132 iactu
540 4058 663 4131 acerbe
689 4055 874 4156 inquirere,
903 4055 971 4130 nisi
996 4056 1032 4129 in
1060 4055 1182 4155 primis

135 4155 201 4256 ipsi
231 4155 390 4232 officium
418 4155 576 4232 faciatis:
616 4154 702 4329 {3116
725 4156 833 4244 euim,
868 4155 905 4230 Ο
936 4156 1183 4244 Athenienses,
