2902 5044
400 381 785 502 onrurmncnm
804 385 871 460 111.
1099 385 1174 460 αττ

131 558 253 646 ward,
278 560 434 636 revocati
446 575 555 636 rant.-
597 560 635 634 in
652 561 730 660 ipso
747 576 875 636 omenta
890 585 1009 634 rerunt
1025 559 1171 634 droam·

130 657 208 754 qil
217 684 255 731 re
266 685 408 733 annus.-
423 659 562 758 college
574 687 669 734 nana
678 661 869 750 temeritas,
882 686 978 734 nano
984 660 1164 758 pravitas,

130 755 371 854 inrpedimento
387 775 452 834 aut
466 760 708 859 domitosait:
734 757 825 834 matt
835 760 953 858 gestis
964 760 1070 834 rebus
1082 759 1169 833 ulte·

128 855 209 928 rina
222 883 421 932 mactatam
433 872 487 932 est
502 887 524 932 .·Ι
541 859 700 945 tironem,
719 874 783 932 aut
794 859 891 932 ataid
917 858 1105 959 disei'ytlind
1117 859 1170 932 in·

126 955 301 1043 stitutum,
316 957 506 1032 sacratum
518 973 737 1058 acceperant.
764 956 832 1044 Ar,
844 957 1014 1045 Hercule,
1030 956 1165 1057 Regae,

127 1079 199 1126 non
213 1055 314 1130 liberi
327 1057 441 1130 sotim
458 1056 712 1156 impedimentis
737 1057 908 1144 omnibns,
925 1059 992 1132 sed
1012 1058 1167 1131 Domnu

129 1176 264 1228 aarum
281 1179 596 1245 rrnronunauu,
622 1177 807 1230 rattruut
833 1179 1021 1232 constans
1046 1180 1167 1231 cunc-

125 1275 188 1339 ·rn,
211 1279 289 1330 nou
316 1277 562 1330 srauuuruu.
617 1257 658 1329 In
676 1271 749 1330 tam
775 1259 893 1354 paucis
909 1256 1021 1332 verbis
1037 1270 1168 1355 quanta

127 1353 335 1446 sublimitas,
352 1357 570 1454 quantavis!
606 1355 827 1430 Tourreltns.

177 1451 289 1526 P.9l.
309 1455 331 1526 l.
350 1455 406 1527 12.
434 1456 628 1558 ΣτραΊηγδν,
656 1462 716 1534 καί
745 1454 918 1553 δεσπότην]
968 1454 1166 1528 Athenien·

126 1549 215 1624 sium
229 1553 336 1626 duces
354 1579 425 1627 non
443 1570 541 1628 erant
557 1554 715 1634 δεσπόται
742 1560 800 1633 καί
817 1553 1063 1658 αὐτοκράτορες·
1091 1579 1164 1628 non

126 1649 248 1724 licebat
260 1653 310 1724 eis
324 1678 390 1725 suo
406 1655 571 1738 arbitratu
589 1655 725 1752 quidvis
741 1679 855 1750 agere,
868 1669 908 1726 ut
920 1652 1164 1728 dictatoribus:

126 1751 183 1822 sed
199 1766 355 1824 metuere
371 1753 458 1826 iram
477 1755 597 1851 populi
619 1757 845 1846 cogebantur,
873 1753 933 1850 qui
955 1741 1077 1824 decem
1101 1752 1165 1824 ali-

125 1851 263 1944 quando
279 1852 399 1935 duces,
422 1865 462 1924 ut
484 1870 519 1924 et
549 1867 631 1926 ante
655 1853 745 1938 illos,
772 1853 898 1939 virum,
920 1852 964 1925 de
990 1851 1167 1949 republicis

126 1948 290 2042 praeclare
308 1951 485 2034 metitum,
505 1950 704 2026 Miltiadem
723 1951 883 2025 Cimonis
898 1965 1043 2047 patrem,
1062 1949 1165 2022 reira-

125 2063 228 2141 gante
244 2046 401 2135 Socrate,
420 2049 542 2148 eapitis
572 2049 761 2124 damnavit.
814 2048 873 2124 Sic
900 2051 1018 2135 fiebat,
1037 2063 1077 2121 ut
1102 2049 1164 2121 ali·

124 2147 263 2242 quando
278 2147 443 2236 iacerent,
462 2175 532 2227 non
547 2175 627 2246 quae
641 2175 716 2222 esse
732 2149 878 2248 optima,
896 2151 957 2221 sed
974 2173 1054 2245 quae
1070 2147 1165 2220 iaoil·

124 2243 205 2319 lime
222 2247 359 2345 probari
379 2243 479 2344 riosse
492 2249 634 2346 populo,
649 2250 847 2322 credebaut.
880 2243 1048 2342 Woffius.

168 2343 224 2417 Ib.
244 2347 268 2420 l.
288 2347 344 2418 13.
372 2349 444 2424 Καί
460 2347 596 2450 ταμίαν]
635 2347 872 2441 Quaestorem‚
884 2347 945 2444 qui
959 2348 1033 2445 ipse
1049 2346 1161 2424 claves

126 2441 228 2518 habet
244 2444 370 2532 aerarii,
389 2471 453 2518 neo
469 2464 649 2545 expectare
665 2448 813 2544 cogitur,
839 2446 927 2520 dum
950 2448 1082 2522 tributa
1107 2469 1166 2520 ex·

122 2557 359 2642 torqueantur,
377 2561 416 2616 ut
427 2547 530 2619 vestri
544 2548 661 2621 duces.
712 2545 780 2618 Vel
797 2543 919 2650 ταμίαν
936 2548 1086 2644 appellat
1102 2546 1163 2620 ad·

124 2643 406 2815 ffinisngawoem'
424 2669 506 2720 eum
524 2647 584 2743 qui
599 2647 747 2744 negotiis
765 2660 902 2744 praeest,
920 2647 1163 2730 utHomerus,

155 2795 163 2813 .
184 2757 230 2820 A.
307 2771 317 2816 r

139 2887 235 2982 Zsrig,
256 2888 308 2974 'is’
328 2891 507 2998 diripiatur
523 2892 646 3000 ταμίης
662 2887 824 3000 maluinno
842 2886 1166 2987 etruriae-Idan.

168 3039 225 3113 1u.
240 3041 264 3114 ι.
285 3043 327 3113 14
341 3057 376 3114 a
392 3043 445 3114 15.
460 3040 646 3140 ταχύ-,αὶ
660 3023 885 3144 aftana]
912 3039 996 3114 uno
1004 3039 1163 3137 jubente,

121 3163 244 3212 omnes
261 3141 298 3212 in
309 3141 425 3214 officio
438 3157 533 3228 sunt,
547 3168 620 3216 non
631 3140 1164 3239 interceduntprolixaedisputa-

120 3237 251 3310 tiones:
263 3264 335 3311 non
346 3243 559 3338 expectanda
570 3255 623 3314 est
633 3237 994 3339 aliorum‚eo'rumque
1005 3264 1076 3313 non
1088 3241 1165 3310 rath

118 3337 411 3424 dissentientium,
423 3355 460 3412 et
472 3341 645 3413 malorum
659 3340 788 3411 civium
806 3339 986 3410 autoritas.
1013 3337 1162 3410 Monar-

117 3435 648 3523 ohiaeeommodaDemocratira
659 3435 979 3523 incommoda,vlde
986 3434 1161 3530 copiosius

117 3533 153 3606 in
171 3533 336 3608 Isocratis
353 3537 617 3644 αυμίξκλευῖτκῷ,
635 3550 670 3610 et
682 3538 720 3607 in
745 3535 902 3608 oratione
920 3538 992 3636 περὶ
1009 3529 1164 3628 stodor,

118 3634 178 3706 ubi
191 3633 451 3708 Demosthenes
468 3652 546 3710 acta
559 3663 631 3724 suo,
648 3651 685 3710 et
701 3636 830 3732 coplas,
846 3659 928 3710 cum
946 3632 1032 3708 actis
1056 3644 1092 3704 et
1105 3657 1164 3706 oo·

117 3731 184 3828 piis
193 3732 361 3830 Philippi,
373 3735 524 3833 eleganti
540 3735 769 3810 contentione
786 3749 977 3834 comparat.
1008 3729 1120 3805 Idem.

166 3830 221 3903 lb.
237 3831 260 3902 l.
275 3832 340 3904 ult.
367 3833 433 3922 *Ag
448 3831 489 3913 ait
502 3834 636 3933 insitor]
689 3833 838 3907 Videtur
853 3836 932 3937 παρ’
945 3833 1068 3934 ἷςορίαν
1084 3830 1163 3907 εἶναι

118 3931 310 4002 oonfiotum
324 3933 369 4004 ad
385 3936 563 4008 terrendos
577 3934 834 4006 Athenienses:
854 3934 884 4006 si
901 3930 1166 4033 ipsirepudient

117 4023 322 4124 Olynthios,
340 4031 470 4129 praestd
488 4034 538 4106 eis
556 4033 630 4106 fore
656 4030 872 4132 Philippum,
903 4027 1165 4127 intercipienda

117 4127 297 4202 soeietatis
313 4131 492 4254 cupidam.
523 4130 635 4304 Ideni
655 4228 672 4303 l
