2896 5054
450 361 776 438 PHILIPPICAM
802 362 830 436 Ι.
1088 359 1157 441 157

136 536 338 612 tiorescoram
346 537 527 611 Archonte
540 538 653 610 sortiti
666 538 946 634 sint,ludumque
956 536 1154 622 habuerint,

134 637 162 708 iu
181 661 254 734 quo,
273 663 333 736 per
351 637 559 735 magistrum
573 662 678 735 quem
699 636 983 740 χοροδιδάσκαλον
1006 635 1156 732 appella·

133 737 370 823 hautmarum
390 738 507 835 ipsum
525 737 755 810 erudiendum
785 753 822 810 et
846 737 1078 809 exercendum
1097 760 1157 808 cu·

131 836 229 909 ritint.
278 836 423 910 Etenim
439 838 532 923 inter
556 838 650 933 ipsos
667 837 801 910 illustre
817 836 861 909 de
878 837 980 908 laude
997 836 1155 908 victorici-

130 960 186 1032 que
199 949 370 1010 certamen
396 937 645 1021 intercedebat,
676 937 727 1009 ita
753 950 793 1008 ut
823 937 860 1007 in
887 935 1067 1032 Dionysiis
1095 935 1155 1033 qui

129 1034 249 1132 hymnis
266 1037 432 1111 canendis
449 1037 596 1109 alterum
616 1040 821 1134 superrisset
839 1035 869 1107 is
879 1035 1051 1132 tripodem
1066 1059 1155 1132 prae·

128 1135 223 1208 ruiurn
239 1135 355 1222 ferret,
374 1162 525 1235 eumque
543 1161 625 1208 cum
644 1139 774 1234 magnai
798 1135 1004 1208 caerimonib
1017 1135 1154 1208 dedica·

127 1249 177 1307 ret
213 1234 480 1332 Gymnasiarchi
499 1236 522 1307 ii
540 1236 624 1308 dicti
642 1250 735 1321 sunt,
754 1235 815 1333 qui
833 1233 950 1307 oleum
969 1233 1022 1321 iis,
1044 1235 1156 1333 quise

124 1334 269 1430 palestra
284 1360 440 1408 exercere
457 1335 597 1421 vellent,
624 1335 877 1407 ministrrirunt.
930 1333 1023 1407 Haec
1041 1335 1155 1408 officia

124 1433 201 1506 inter
214 1436 346 1533 primos
365 1436 513 1509 honores
531 1450 640 1521 erant,
658 1435 719 1534 qui
737 1435 773 1506 in
787 1434 925 1506 civitate
939 1449 1153 1532 caperentur.

124 1531 237 1630 dignm
255 1535 316 1607 lib.
335 1535 382 1607 iv.
401 1537 437 1607 4.
562 1617 563 1622 ,

162 1633 200 1705 Ρ.
219 1636 282 1707 23.
300 1634 324 1706 1.
345 1635 401 1708 13.
429 1637 529 1740 Harpal
543 1639 601 1732 τέ]
619 1634 718 1740 Harpal
734 1665 776 1713 ru
794 1662 856 1734 pro
874 1633 971 1737 παρά
984 1668 1067 1723 τινος
1083 1660 1154 1707 rec·

122 1732 181 1806 tilrs
193 1734 414 1808 scribendum
428 1751 547 1809 censet
563 1735 733 1830 Wolfiuu;
754 1737 852 1809 etsie
867 1734 1010 1833 quidem
1024 1735 1061 1806 in
1076 1732 1154 1806 De·

122 1833 234 1906 morth.
253 1835 337 1907 alibi
355 1835 525 1931 scriptum
541 1832 702 1935 reperies.
1029 1871 1031 1878 ·

162 1934 212 2009 lb.
232 1935 255 2008 l.
275 1936 318 2008 15
338 1951 373 2008 et
395 1936 452 2007 16.
483 1938 558 2027 Τῆς
574 1941 658 2015 τέτε
676 1935 907 2036 παρασκευῆς]
924 1932 1026 2006 Pith.
1048 1932 1152 2007 Vota.

118 2047 148 2107 et
163 2033 254 2108 Bm.
273 2071 312 2112 a·
332 2070 358 2112 ε.
379 2037 409 2112 θ.
423 2036 466 2140 τῇ
482 2072 511 2113 r·
531 2038 744 2139 παρασκευῇ.

159 2133 210 2208 lb.
228 2135 250 2208 l.
269 2136 325 2208 16.
354 2132 500 2237 ’Aiprsou
519 2136 592 2214 cidro'
609 2133 716 2250 draca]
741 2132 844 2206 VOS-S·-
857 2137 916 2211 real
931 2131 1111 2236 ἅδιὸρθοτα.

159 2235 209 2307 lb.
230 2235 254 2306 l.
284 2235 340 2308 18.
369 2173 607 2340 Τριηροῖρχεςῇ
644 2234 685 2308 Τ
677 2233 858 2306 rtremt'um
884 2230 1075 2328 Praesectt':
1102 2258 1154 2306 ar·

118 2348 288 2409 mamenta
315 2335 515 2409 triremibus
549 2351 585 2408 et
617 2337 750 2408 victum
784 2334 975 2431 remigibus
1007 2359 1049 2406 ex
1082 2335 1154 2407 suis

118 2435 306 2532 sumptibus
325 2436 476 2508 dabant:
504 2449 643 2535 propter
660 2451 778 2509 tamen
796 2438 959 2532 sumptds
977 2435 1154 2532 magnitu-

117 2534 238 2622 dinem,
256 2559 299 2608 ea
315 2535 492 2609 interdlrm
510 2536 686 2609 acivitate
711 2549 939 2633 acceperunt:
968 2535 1154 2633 aliquando

117 2634 179 2710 duo
195 2635 302 2707 simul
321 2636 499 2709 triremem
518 2637 769 2722 instruxerunt,
782 2635 969 2732 aliquandd
994 2648 1074 2721 tres,
1092 2633 1154 2705 ali·

117 2737 247 2831 quando
263 2736 398 2822 decem,
419 2736 606 2834 aliquando
624 2735 750 2833 plures.
778 2733 831 2804 Ut
847 2746 965 2804 autern
982 2733 1154 2804 Praetores

116 2833 147 2906 in
163 2861 199 2907 re
215 2835 395 2908 maritimi
420 2833 616 2909 trierarchis
642 2832 885 2916 omnibusne
902 2830 1032 2927 singuli
1057 2831 1154 2901 trier-

116 2936 203 3008 archi
220 2935 370 3032 singnlis
397 2933 608 3020 triremibus,
627 2957 668 3005 ac
686 2934 760 3029 ejus
783 2929 933 3004 triremis
950 2928 1154 3026 remigibus,

114 3033 334 3132 impenirunt.
388 3034 515 3133 Sigon.
539 3035 601 3108 lib.
621 3034 667 3107 iv.
694 3039 771 3107 4et
787 3033 822 3104 5.
863 3030 966 3132 vide
995 3028 1098 3104 Said.
1119 3044 1156 3104 et

114 3131 216 3207 Perit.
233 3135 271 3207 in
288 3135 376 3232 Leg.
393 3134 471 3208 Atr.
490 3136 513 3207 l.
533 3135 583 3209 iii.
1133 3205 1139 3218 ,

156 3234 246 3309 Ibid.
275 3233 494 3334 Ἀντιδὸσεις]
548 3233 657 3308 Solon
689 3234 833 3332 quidem
862 3235 907 3306 ab
924 3231 1026 3306 initio
1050 3258 1154 3332 prop·

111 3339 198 3409 terei
213 3359 341 3408 census
358 3334 486 3407 civium
505 3335 743 3418 constituerat,
762 3347 799 3404 et
815 3357 858 3403 ex
874 3333 916 3403 iis
927 3332 1053 3403 classes
1070 3357 1154 3429 qua·

110 3446 184 3508 tuor
199 3435 438 3532 descripserat,
457 3430 844 3531 Quinquemodialium,
862 3429 1046 3528 Equitum,
1060 3431 1155 3504 Zeu·

109 3535 272 3630 giturum,
296 3549 332 3606 et
360 3535 603 3620 Thermarum,
631 3544 672 3603 ut
697 3555 820 3604 omnes
846 3554 909 3628 pro
927 3529 1061 3601 ratione
1085 3528 1155 3616 lorf

35 3647 42 3660 '
109 3649 271 3708 tanarum
282 3658 424 3708 suarum
439 3659 593 3732 operam,
608 3631 834 3729 studiumque
848 3654 952 3703 suum
964 3630 1048 3728 reip.
1058 3653 1155 3702 com·

109 3736 413 3822 modarent,ac,ne
424 3735 501 3831 quis
512 3731 736 3806 excusatione
745 3731 925 3805 tenuitatis
934 3729 1155 3829 publicorum

109 3859 295 3908 munerum
312 3859 401 3906 onus
422 3832 612 3931 defugeret,
637 3833 713 3910 α’ντί
718 3831 804 3909 δοσιν
833 3830 1056 3928 excogitdmt,
1074 3854 1155 3927 quae

109 3933 173 4007 tuit
197 3933 354 4008 muneris
379 3948 416 4007 et
440 3932 660 4006 fortunarum
685 3957 767 4006 cum
794 3932 903 4005 altero
928 3928 1153 4026 permutatio.

107 4033 233 4108 Posted
249 4034 392 4131 placuit,
401 4049 450 4120 ut,
459 4037 535 4107 tout
547 4031 681 4106 ratione
693 4035 840 4118 mutati,
851 4029 947 4104 mille
961 4055 1001 4102 ac
1014 4027 1156 4101 ducenti

110 4159 150 4206 ex
166 4134 336 4208 universis
354 4135 523 4207 classibus
537 4133 746 4230 legerentur,
761 4131 834 4229 qui,
851 4131 932 4203 clrm
948 4141 1093 4203 caeteros
1103 4129 1155 4202 di-

110 4235 199 4330 vitiis
216 4235 473 4321 antecederent,
492 4233 557 4306 soli
588 4232 696 4304 etiam
718 4231 942 4330 publicorum
970 4255 1156 4304 munemm
