2902 5044
448 363 726 442 PHILIPPICA
752 363 783 437 Ι.
813 355 822 394 ‘
1068 363 1137 444 271

98 539 335 614 ssndrrhtrare
353 539 508 637 poteritis
519 567 530 626 3
556 555 596 614 ut
609 544 689 616 verd
703 563 797 614 nuno
810 537 908 616 vohis
921 551 986 624 est,
1005 537 1141 637 nequi-
1210 529 1214 537 ¹

98 639 177 714 dem
191 640 223 714 si
235 654 388 738 tempora
408 639 652 739 Amphipolim
667 640 765 712 vobis
783 640 968 724 traderent,
988 639 1144 736 accipere
1236 625 1261 710 ’,

98 764 174 812 ram
188 742 343 836 possetis,
362 744 482 816 vestris
494 756 530 814 et
543 740 764 838 apparatibus
777 752 812 812 et
825 739 1006 813 sententiis
1019 738 1146 814 fluctu·

99 855 212 914 antes.
657 879 661 888 ·
848 889 851 896 ,
1131 867 1141 876 ·

147 937 215 1012 VI.
242 938 451 1019 Oronten
477 939 585 1037 igitur
607 953 732 1014 omues
755 953 893 1038 paratos
915 964 991 1012 esse
1011 962 1092 1036 qum
1108 937 1148 1010 eir

101 1037 263 1135 singulas
278 1041 491 1115 conveniunt
508 1040 601 1114 ultrd
618 1039 740 1122 iacere,
765 1043 933 1136 tanquam
957 1039 1147 1135 scientibus}

103 1139 200 1212 vohis
216 1153 318 1237 atque
335 1141 517 1236 persuasis
543 1133 674 1213 diutius
697 1140 848 1214 dicendo
869 1164 938 1210 non
957 1140 1146 1212 immoror:
1248 1215 1252 1222 ,

104 1239 275 1312 rationem
284 1243 372 1313 'terh
387 1237 583 1336 apparatius,
601 1264 706 1337 quern
726 1238 853 1312 talibus
870 1264 931 1311 vus
945 1239 1150 1338 negotiisli-

106 1339 303 1415 uenturum
317 1364 393 1415 esse
406 1353 539 1436 putem,
553 1357 589 1413 et
601 1339 888 1437 magnitudinem-
897 1355 1065 1438 quantam
1076 1363 1153 1426 essa

105 1453 249 1533 aportat,
273 1464 316 1514 au
342 1439 492 1514 rationes
515 1440 943 1540 peoimiaeeomparandae
969 1465 1152 1539 quasnam,

107 1551 297 1636 caeteraque
313 1539 492 1637 quomodo
510 1540 597 1612 mihi
623 1527 759 1638 optime
784 1555 889 1638 atque
911 1539 1092 1614 celerrime
1102 1541 1152 1614 vi:

107 1636 232 1712 dentur
246 1639 460 1726 instruenda,
476 1641 646 1725 continuh
664 1643 816 1720 donabar
832 1641 968 1714 dicere:
996 1638 1060 1714 doc
1072 1643 1154 1714 tan·
1203 1651 1207 1658 '

108 1735 221 1824 t'dlum
245 1764 319 1824 vos,
346 1736 594 1825 Athenienses,
622 1751 792 1838 precatus,
820 1754 1006 1838 postquam
1033 1738 1154 1814 omnia

111 1838 300 1924 audieritis,
314 1839 482 1935 judicate,
502 1865 567 1914 nec
580 1851 744 1938 ,qncngo'
758 1839 919 1916 dicturus
934 1865 1015 1914 sum
1031 1839 1155 1912 antici:

112 1952 198 2033 pate,
218 1964 343 2038 neque,
361 1937 392 2010 si
407 1940 463 2014 oui
480 1940 584 2014 initio
601 1941 716 2013 videar
733 1965 863 2014 novum
881 1952 1085 2038 apparatum
1103 1939 1157 2012 'di-

112 2060 198 2123 uere,
215 2065 268 2112 res
287 2043 309 2112 d
326 2063 384 2134 me
400 2040 643 2138 procrastinari
656 2039 689 2112 is
701 2039 978 2124 idahexistimet.
1012 2039 1157 2111 Etenim

112 2137 273 2234 quiillicd
283 2153 388 2236 atque
401 2139 591 2216 hodierum
599 2139 684 2235 geri
696 2139 816 2212 debere
829 2140 963 2226 dicunt,
976 2164 1047 2211 non
1062 2163 1158 2211 maxa

114 2235 183 2313 ime
198 2239 242 2314 nd
261 2239 449 2336 utilitatem
467 2241 680 2338 loquumtur}
710 2234 952 2337 (nequeenim
982 2265 1062 2336 quae
1082 2243 1158 2338 jam

117 2339 213 2424 nohis
225 2339 462 2436 contigerunt,
479 2340 617 2418 auxiliis
631 2351 726 2414 nune
739 2340 866 2429 missis,
883 2341 1069 2413 defendere
1079 2366 1160 2438 pus·

116 2442 263 2534 sensum)
292 2441 413 2512 uerum
435 2440 591 2538 quisquis
615 2441 817 2526 ostenderit,
841 2443 952 2540 quails
975 2455 1161 2540 apparatus

117 2538 175 2634 qui
196 2538 217 2611 ὰ
239 2535 339 2610 vadia
360 2557 580 2646 eomparatus
590 2541 723 2638 suerit,
748 2557 980 2639 quantusque,
1008 2557 1043 2613 et
1065 2541 1163 2613 unde

117 2639 476 2715 euremarus‘durare
493 2642 630 2736 poterit,
649 2643 766 2736 quoad
782 2655 846 2712 aut
858 2641 991 2712 bellum
1008 2639 1164 2736 persuasi
1205 2705 1211 2714 ,

120 2737 345 2822 timuerimus,
358 2755 420 2810 ant
433 2741 550 2812 hostes
566 2739 859 2834 superaverimus:
878 2740 937 2812 'ita
948 2739 1044 2811 eninr
1059 2737 1166 2832 nuliis

121 2836 344 2934 inposterum
357 2838 492 2934 injuriis
505 2839 726 2912 iacessemur.
754 2837 833 2934 Ego
844 2837 952 2934 igitur
963 2837 1039 2910 haeu
1051 2837 1167 2910 dicere

124 2961 177 3010 rne
192 2963 297 3060 posse
312 2939 470 3025 arbitror,
489 2963 559 3012 nnn
577 2938 771 3035 impediens
784 2939 814 3012 si
827 2938 904 3036 quis
919 2937 1007 3011 alius
1023 2937 1166 3037 pollice·

124 3049 177 3111 tur
193 3035 337 3134 rdiqnid.
388 3038 608 3114 Promissum
630 3038 739 3137 igitur
762 3038 850 3113 adet
876 3063 1063 3138 magnum:
1080 3038 1169 3138 'ipsa

125 3142 203 3214 reth
219 3161 273 3212 res
290 3137 329 3210 in
357 3163 503 3212 examen
534 3141 609 3235 jam
645 3139 769 3226 veniet,
787 3139 924 3236 judices
955 3153 1073 3214 autem
1105 3165 1167 3212 vos

126 3238 248 3320 eritis„
339 3255 343 3262 ·
475 3255 479 3262 ·
538 3255 541 3262 ·
635 3251 639 3258 ’
794 3249 798 3260 ’

136 3319 140 3418 s
174 3336 255 3412 vlt.
286 3337 451 3412 Paratum
475 3339 598 3436 igitur,
617 3337 864 3422 Athenienses,
888 3336 1046 3440 triremes
1066 3337 1174 3446 quim·

125 3439 293 3536 qupginta
305 3438 430 3512 instrui
455 3452 616 3535 oportere
627 3436 723 3521 dico;
750 3436 877 3508 deinde
897 3435 1027 3507 'vna'eo
1049 3434 1172 3511 aniano

126 3549 211 3625 erae,
230 3553 283 3622 ut,
303 3538 417 3636 siquid
434 3563 523 3636 opus
539 3537 654 3622 fuerit,
679 3535 761 3634 ipsis
778 3536 814 3608 in
833 3534 1171 3628 eas'cdnseendenti·

127 3638 191 3712 hus
204 3638 252 3710 sit
265 3638 518 3736 navigandum:
534 3642 713 3736 praeterea,
740 3637 898 3710 dimidiae
911 3635 1070 3734 equitum
1084 3634 1173 3732 parti

128 3737 287 3818 sirenes
301 3738 528 3837 hippagogas,
543 3752 648 3836 atque
660 3735 733 3810 alin
748 3737 887 3834 nauigia
896 3733 1105 3808 sufficientia
1117 3757 1172 3806 or·

130 3839 340 3938 narijubeu:
372 3839 463 3912 Haee
478 3837 640 3936 equidem
657 3849 784 3910 denseo
800 3837 932 3934 praesth
945 3860 1021 3908 esse
1038 3847 1176 3932 oporte·

129 3964 177 4025 re,
193 3951 317 4016 eontra
333 3939 531 4038 repentinas
553 3939 665 4034 ejusd
682 3941 746 4009 sud
762 3938 904 4034 regione
925 3933 1185 4032 expeditiones‚›

130 4042 175 4116 ad
199 4040 466 4139 Thermopylas,
493 4053 529 4110 et
546 4035 819 4123 Chersonesum,
834 4050 938 4134 atque
963 4033 1174 4132 Olynthum,

133 4167 198 4218 nee
216 4163 288 4214 nun
306 4146 377 4237 qud
392 4141 490 4214 libet.
523 4136 689 4232 Namque
705 4143 793 4236 opus
810 4151 864 4211 est
880 4141 950 4230 hoq
963 4136 1000 4209 in
1016 4137 1091 4232 ejus
1104 4129 1185 4222 ani·'
