2896 5054
277 411 346 484 140
683 407 840 484 NOTAE
865 409 920 483 IN

270 598 350 661 atos
368 599 491 659 eontra
506 581 806 702 Lacedaemonios.
831 583 998 679 Wolstus.
1019 581 1130 710 [tude
1144 581 1266 656 Sator.
1282 581 1333 656 ad

275 685 354 764 haee
368 686 472 759 verba
483 685 520 758 in
536 685 639 758 Pluto
651 682 834 783 Aristoph.
853 685 893 765 17
898 689 934 759 3.
952 683 1020 763 adl
1048 684 1076 762 ἐν
1090 687 1232 791 Κορίνθῳ
1245 683 1334 784 ξενι-

278 784 397 957 rtdrps’pg
414 783 489 875 ἔτος
506 782 620 961 τεέφῶ
627 786 777 986 ἱνρὲεὶξὲ
787 785 864 914 Edi
879 782 989 962 Ιξωκί.
1004 785 1081 962 lide
1093 787 1203 986 pilam
1220 782 1329 858 Suid.

278 901 315 958 et
329 986 369 1058 P.
379 911 616 1066 iifloib’ssr
629 912 952 1096 Klpttpiidiigdis
975 922 990 964 ο
1009 919 1123 1060 lbdiae
1139 986 1222 1058 urbs
1236 984 1334 1056 intra
1438 1052 1439 1070 ,

278 1083 457 1162 Isthmum
474 1086 707 1186 Peloponnesi
725 1089 802 1162 sita.
855 1088 995 1160 Bellum
1023 1086 1067 1159 de
1083 1111 1156 1185 quo
1172 1085 1333 1183 loquitur
1438 1083 1439 1098 ¹

277 1185 538 1261 Demosthenes
557 1202 674 1261 ortum
693 1202 747 1260 est
772 1186 1166 1285 Olymp.xc111.Ann.
1185 1186 1275 1270 atio,
1296 1197 1334 1256 et

278 1299 359 1360 octo
372 1289 641 1362 annosduravit.
668 1288 928 1362 lacedaemonii
938 1286 1082 1386 Olymp.
1097 1309 1212 1359 xcrrr.
1229 1284 1329 1357 Ana.
1439 1351 1440 1362 ,

278 1388 353 1474 tto,
364 1411 483 1461 everso
497 1388 771 1462 Atheniensium
785 1389 945 1486 irnperio,
965 1388 1020 1460 sui
1027 1390 1190 1484 jecerunt
1203 1385 1332 1459 lunda·

279 1501 411 1561 menta.
463 1488 610 1575 Thebae,
626 1487 791 1576 Athenae,
806 1488 1011 1574 Corinthus,
1025 1503 1061 1560 et
1075 1499 1332 1584 consequenter

280 1602 415 1661 creterae
430 1614 553 1664 omnes
570 1589 743 1663 inferioris
757 1590 889 1663 ordinis
899 1591 1002 1662 urbes
1016 1587 1150 1688 Spartae
1162 1587 1259 1685 leges
1273 1611 1331 1657 ac·
1440 1640 1441 1650 ,

280 1687 468 1786 oipiebant.
521 1665 645 1788 itaque
674 1691 860 1790 tranquilla
882 1704 982 1763 erant
998 1705 1034 1762 et
1051 1703 1174 1861 &eata
1196 1684 1330 1771 omnia,

279 1813 390 1886 quum
410 1789 548 1864 Graecae
566 1793 602 1863 in
627 1791 714 1864 Asis
731 1790 903 1877 Coloniae,
918 1803 1040 1863 eontra
1085 1813 1242 1861 ersarum
1259 1785 1333 1858 Re·

278 1913 361 1987 gem
373 1889 722 1965 lacedaemoniorum
737 1917 841 1991 opem
858 1891 1104 1990 implorabant.
1146 1887 1190 1962 In
1203 1887 1332 1961 Asiam

281 1987 458 2086 profectus
480 2005 534 2065 est
549 1992 747 2089 Agesilaus,
766 1995 911 2092 ejusque
932 1990 1162 2088 subjugandae
1180 1987 1281 2088 spem
1300 1983 1333 2059 ei

281 2087 439 2165 lecerunt
454 2093 584 2190 rapidae
601 2095 675 2189 ejus
693 2093 864 2179 victoriae3
888 2117 998 2190 quum
1015 2089 1127 2189 Regis
1142 2089 1332 2162 Persarum

280 2187 475 2279 Emissarii,
485 2197 556 2292 qud
568 2194 706 2266 hostem
721 2194 808 2267 adeb
820 2191 1139 2292 pertimescendum
1154 2190 1226 2263 sive
1236 2188 1334 2262 debi-

280 2289 432 2380 litarent,
459 2293 531 2365 sive
560 2309 771 2380 amoverent,
797 2293 988 2366 Thebanos
1015 2305 1136 2364 eontra
1154 2290 1331 2390 Spartam,

281 2389 401 2463 oblato
418 2417 514 2478 asaro,
534 2395 744 2467 excitabant.
798 2391 926 2466 Statim
945 2393 1181 2465 Athenienses
1208 2405 1245 2463 et
1262 2388 1332 2462 Co·

283 2488 404 2563 rinthii
427 2515 508 2564 eum
526 2493 569 2565 iis
596 2492 710 2566 foedus
733 2493 897 2566 inierunt.
951 2492 1138 2566 Libertatis
1161 2517 1222 2564 eos
1247 2515 1333 2563 con·

276 2590 396 2684 junxit
427 2593 628 2666 communis
658 2614 783 2678 amor;
825 2593 1136 2692 onrnesque'ultrb
1167 2590 1333 2665 Corinthi

278 2707 543 2766 convenerunt:
571 2693 723 2798 συνέδριον
743 2689 843 2772 uorrdr
861 2695 926 2772 τῶν
950 2691 1149 2812 συμμάχων
1167 2690 1332 2795 Κόρινθος,

281 2791 330 2862 ait
343 2791 532 2867 Diodorus.
586 2795 1119 2879 ArmainduuntAthenrenses,
1138 2817 1262 2866 eorum
1290 2817 1335 2863 ue
1421 2847 1433 2864 ,

88 2975 91 2982 ,
282 2891 393 2990 copiae
409 2895 587 2967 sociorum
606 2897 772 2969 exercitui
790 2922 827 2968 se
845 2898 1076 2993 conjungunt.
1111 2818 1333 2965 Tourreldnr.

200 3081 202 3086 ,
334 2992 388 3064 lb.
403 2994 427 3065 l.
444 2996 492 3066 23
506 3011 589 3067 etse
618 3050 625 3067 .
646 2997 953 3098 Otfiuoadorparog
971 2997 1092 3096 nyslro,
1105 2997 1164 3071 nal
1180 2995 1274 3089 ’1an
1296 2993 1334 3070 oi·

282 3123 352 3181 της,
370 3092 428 3168 ael
443 3024 614 3198 Xassp‘agl
635 3097 765 3168 Parbm
781 3111 886 3168 notus
904 3112 957 3170 est
975 3098 1108 3195 primus
1125 3119 1168 3166 ex
1186 3094 1241 3166 his
1258 3029 1333 3165 Iin-

283 3193 511 3288 peratoribus.
563 3196 621 3267 Ne
639 3196 825 3268 minimam
843 3199 928 3269 sane
945 3196 1163 3268 mentionem
1181 3192 1342 3291 cujusvis.

220 3288 234 3304 “
282 3289 480 3390 Polystrati,
495 3295 555 3393 qui
570 3296 661 3370 bello
673 3297 718 3369 de
731 3323 801 3394 quo
816 3297 874 3370 hle
891 3297 1008 3395 agitur
1023 3295 1231 3382 interfuerit,
1240 3293 1335 3367 inter

201 3415 236 3433 '¹
281 3392 465 3469 historicos
476 3395 643 3470 invenias.
664 3395 1335 3497 SuidasetHarpocrationPolytropum

282 3493 341 3566 hle
356 3495 544 3594 legendum
562 3499 711 3572 omninb
740 3500 872 3573 volunt.
925 3497 1100 3596 Equidem
1129 3496 1223 3570 baud
1246 3496 1332 3581 scio,

282 3598 443 3693 nunquid
457 3600 575 3695 potiris
586 3599 773 3698 legendum
790 3599 835 3670 sit
846 3598 1096 3682 Callistratum,
1111 3597 1172 3694 qui
1188 3597 1335 3669 inbelle

283 3694 489 3795 Corcyrensi
499 3699 683 3799 Iphicratis
694 3713 729 3770 et
741 3696 903 3771 Chabriae
921 3699 1055 3796 collega
1065 3696 1142 3784 luit,
1158 3713 1248 3770 teste
1258 3695 1334 3768 Xe-

284 3797 464 3895 nophonte
477 3814 581 3898 atque
606 3799 776 3871 Diodoro.
830 3797 1032 3896 Iphicrates,
1057 3799 1202 3871 celebris
1219 3794 1333 3871 Athe·

284 3898 461 3971 niensium
474 3899 529 3972 lm
556 3913 680 3999 arator,
695 3900 845 3973 obscuro
856 3925 985 3996 genere
1001 3916 1110 3988 ortus,
1128 3923 1282 3996 suaeque,
1302 3900 1333 3970 si

282 4000 361 4097 quis
376 3995 475 4086 alius,
488 3927 716 4074 fuilsonunae
727 3998 833 4076 labar.
862 3997 971 4073 Sutor
983 4000 1015 4072 ei
1025 3999 1093 4072 luit
1105 4013 1215 4099 pater,
1233 4023 1335 4074 socer

283 4104 363 4172 verb
376 4099 452 4172 Rex
465 4099 640 4174 Thraciae.
684 4099 854 4174 Chabrias
868 4101 954 4174 item
970 4100 1246 4174 Atheniensium
1265 4099 1332 4172 im·
