2896 5054
424 329 857 446 commmoratur.
1097 335 1165 409 ros

118 501 382 600 subhrtelligere
401 505 547 603 ,placeat
574 507 860 606 praepositionem
890 500 995 596 md,
1020 517 1061 580 ut
1084 507 1167 586 triac

116 603 193 690 βίον
208 603 394 702 significet,
411 603 453 678 id
460 628 581 702 gertus
596 604 716 680 uitam.

165 701 273 778 PAB.
292 704 318 777 l.
329 706 341 777 l
352 719 388 778 et
399 707 435 778 2.
453 707 525 784 Kal
537 706 686 796 τοιούτες
696 704 884 804 dvdpoirrec,
891 705 1002 812 pulpas&
1011 706 1163 800 γελοίων,

116 805 177 880 aci
191 803 327 899 ποιηΊᾶς
351 803 502 907 αἰσχρῶν
524 802 702 915 ᾀσμάτων]
739 805 992 902 Theopompus
1002 804 1166 904 Philippo

116 903 232 978 adbuc
243 917 299 977 est
309 903 463 1002 iniquior
476 931 486 989 ς
513 903 747 1002 atqueudedd
762 905 1004 980 Demosthene
1019 929 1165 980 ornnem

115 1003 395 1100 exaggerationis
413 1004 647 1102 suspicionem
661 1018 827 1079 removet.
839 1013 842 1018 '
853 1004 1046 1102 Philippus,
1064 1003 1118 1078 uti
1134 1006 1166 1080 is

116 1116 245 1190 narmt,
263 1103 497 1191 saltatoribus,
516 1103 669 1190 musicis,
689 1104 834 1202 aliisque
860 1104 1046 1190 similibus,
1073 1130 1165 1178 nun·

115 1225 222 1297 quam
240 1205 475 1302 constipatus
489 1202 566 1276 fuit.
609 1204 805 1278 Necessarii
822 1229 862 1276 ac
875 1203 1062 1279 familiares
1079 1206 1164 1300 ejus,

115 1324 189 1372 uon
205 1301 344 1375 virtutis
369 1316 431 1376 aut
455 1303 637 1401 probitatis
667 1318 824 1401 respectu
847 1302 984 1388 delecti,
1011 1304 1071 1378 sed
1088 1307 1167 1380 ute

114 1399 269 1474 barbaris
279 1400 482 1476 autGraecis
492 1403 640 1500 quisque
653 1403 812 1500 petulans
824 1401 1080 1500 luit,impurus,
1089 1428 1165 1478 mo·

114 1498 211 1572 ribus
221 1500 391 1587 audax,in
403 1501 652 1576 Macedonium
665 1504 824 1584 certatim
835 1503 1052 1576 confluentes
1062 1502 1167 1576 amici

114 1597 269 1698 Philippi
281 1603 504 1676 vocabantur.
556 1601 665 1693 Quod
681 1603 710 1673 si
726 1603 804 1698 quis
831 1603 875 1674 ad
892 1627 973 1674 eum
1002 1627 1072 1676 non
1091 1615 1166 1676 tam

115 1700 282 1795 perversis
299 1701 455 1774 moribus
472 1700 635 1786 venisset,
655 1705 757 1798 pravb
769 1715 886 1774 tamen
913 1701 1168 1776 consuetudine

115 1800 248 1874 muris
261 1801 434 1899 paulatim
451 1800 575 1873 similis
592 1800 711 1873 evasit.
726 1798 859 1874 Athen.
875 1801 898 1873 l.
913 1800 957 1872 iv.
978 1800 1012 1873 6.
1026 1802 1076 1896 [et
1096 1800 1165 1894 lu]

115 1897 214 1992 Quin
231 1914 268 1974 et
294 1903 377 1974 urbs
400 1916 474 1974 erat
491 1901 610 1972 versirs
625 1899 826 1986 Thraciam,
846 1901 1069 2002 Πονηρόπολις
1094 1900 1165 1972 sive

109 1997 333 2096 perditorum
355 1999 535 2076 humbrum
551 1999 688 2087 ciuitas,
706 2000 832 2073 meritb
846 2001 988 2096 quidem
1016 2000 1084 2072 hoc
1102 2024 1166 2070 no·

117 2099 212 2171 mine
227 2101 425 2197 indigitata,
443 2124 554 2197 quum
570 2103 614 2172 ed
630 2099 812 2197 Philippus
830 2099 1072 2197 sycophantas,
1088 2121 1164 2196 per·

113 2199 210 2292 juros
225 2212 344 2286 testes,
362 2200 568 2297 proditores,
585 2199 740 2297 aliosque
765 2198 927 2272 homines
944 2197 1164 2272 sceleratissi-

117 2321 205 2384 mos,
223 2323 375 2374 numero
392 2299 445 2372 bis
463 2299 571 2384 mille,
589 2300 821 2396 undequaque
838 2299 1039 2396 collegerat.
1057 2295 1166 2372 Theo-

110 2422 206 2493 pom.
224 2423 293 2474 rer.
320 2397 511 2497 Philippo.
529 2397 604 2472 sis.
634 2397 738 2472 Puer.
754 2398 790 2490 n
809 2380 914 2473 com.
934 2399 978 2471 ce
994 2396 1163 2472 curioso.

116 2496 288 2588 Quamvis
299 2513 418 2576 autern
430 2498 660 2572 sannionibus
671 2522 711 2570 ac
724 2497 1095 2584 mirnisdelecturetur,
1112 2497 1166 2570 ni·

117 2597 310 2680 hlominbs
323 2599 539 2674 delicatiores
556 2598 696 2672 lucetius
714 2598 803 2670 mire
815 2597 947 2672 calluit.
979 2597 1165 2670 Menecra-

99 2711 167 2770 1tes
184 2698 356 2786 medicus,
368 2697 591 2796 ebsuperbire
608 2698 718 2772 elatus
729 2712 771 2770 ut
785 2722 823 2770 se
835 2697 954 2793 ipsum
965 2695 1094 2768 Jovem
1107 2717 1167 2790 ap·

117 2796 268 2892 pelleret,
296 2797 427 2873 litteris.
448 2799 492 2872 ad
519 2794 722 2893 Philippum
755 2795 871 2870 missis
898 2795 948 2867 sic
974 2792 1164 2890 inscripsit,

119 2895 288 2998 Philippu
306 2893 864 2996 Mourmatesslupitcrsolutcm,
889 2894 950 2968 Ad
966 2919 1007 2968 ea
1018 2891 1164 2990 rescrip-

117 2996 372 3096 sithilippusr
389 2995 584 3096 Philippus
596 2992 1011 3070 Merrccrctircnitutcm.
1037 2993 1166 3092 Neque

116 3102 194 3174 uerd
210 3097 272 3172 hic
280 3098 423 3196 quievit,
435 3099 557 3172 verbm
574 3099 648 3194 ejus
660 3097 807 3172 insaniae
834 3096 997 3170 curanda
1011 3094 1166 3193 lepidam

116 3201 197 3274 aaut
213 3198 388 3274 rationem
401 3197 494 3274 iniit.
519 3197 752 3296 Splendidum
769 3197 968 3270 convivium
978 3195 1167 3280 instruxit3

116 3311 219 3396 atque
234 3299 268 3370 ei
285 3299 330 3372 ad
345 3298 466 3397 epulas
480 3311 605 3374 vocato
621 3299 768 3370 seorsim
781 3296 914 3368 lectum
924 3294 1081 3391 apparari
1089 3297 1165 3388 jus·

116 3395 167 3472 sit.
195 3396 344 3472 Crateris
354 3398 506 3472 convivis
516 3396 710 3471 lautissime
726 3393 961 3491 epulantibus,
978 3390 1067 3464 nihil
1082 3391 1164 3463 Me·

117 3495 247 3572 nccrati
263 3497 464 3596 appositum
480 3510 534 3570 est
549 3508 677 3595 praeter
692 3517 845 3568 acerram
865 3506 902 3565 et
916 3493 1054 3565 odores.
1081 3489 1166 3581 Qud

118 3595 186 3686 ille,
200 3597 393 3671 divinitatis
409 3596 733 3694 suae'recognitione
749 3590 867 3692 primd
884 3615 991 3690 quarn
1008 3588 1164 3664 maxime

119 3696 322 3784 delectatus,
343 3697 527 3770 hominem
555 3721 592 3768 se
615 3719 692 3768 esse
714 3695 855 3793 prorshs
875 3690 1167 3775 obliviscebatur;

118 3821 227 3892 quum
245 3800 326 3870 verb
341 3798 512 3894 obrepens
529 3796 639 3868 fames
665 3795 702 3866 id
727 3795 764 3868 in
789 3793 951 3866 animum
976 3803 1163 3874 revocaret,

120 3919 333 3992 consurgens
362 3898 480 3970 subitd
499 3895 698 3970 discedebat
723 3892 920 3966 insalutatis
954 3889 1162 3988 hospitibus,

119 3994 247 4094 quippe
275 3996 335 4092 qui
366 3995 518 4068 nimiirm
548 3994 695 4066 riserant
720 3994 851 4079 Deum
870 3991 928 4064 cui
954 3989 1165 4062 munducare

121 4119 261 4168 necesse
275 4109 349 4168 erat
365 4096 410 4168 ad
427 4095 534 4168 vitam
552 4093 830 4167 sustentandam.
860 4087 943 4164 AEl.
963 4088 1047 4174 Ver.
1068 4085 1162 4160 Hist.
