2902 5044
314 395 322 404 ·
479 393 761 470 eumcum
788 394 816 469 1.
890 437 894 442 -
1100 397 1179 484 277.
1264 332 1267 348 '

126 557 391 664 tempereecsa
401 567 606 666 omniaque
621 569 769 642 molesta
782 581 865 642 sunt
877 565 1171 669 differendomeg·

129 665 236 764 ligere
260 689 385 740 omnes
402 666 450 740 rei
463 669 625 764 gerendae
651 668 862 756 occasiones,
877 695 976 742 acne
992 669 1077 744 illud
1095 672 1172 768 qui·
1295 707 1298 716 ·

129 766 1173 867 demposseintelligere‚eorumesseofficiumquibellumutl-

130 863 1172 968 miuistmntnonsequir'es,sedrebusantecedere:etquemss
1280 947 1282 954 ,

132 965 319 1040 admodum
331 964 510 1066 receptum
524 982 588 1054 est,
601 981 640 1042 ut
651 968 843 1065 exercitum
856 959 1170 1068 ducetimpemtor,

134 1065 227 1140 sicet
242 1066 427 1140 scordotis
437 1067 517 1140 viris
530 1063 587 1140 res
597 1069 773 1142 ducendus
783 1093 871 1155 esse,
882 1081 923 1141 ut
936 1095 1016 1166 quae
1027 1069 1111 1167 ipsis
1124 1070 1173 1144 vi·

68 1239 72 1246 ,
136 1165 265 1251 dentur,
278 1181 505 1264 eogerantur,
515 1193 585 1242 non
597 1183 636 1252 ut
646 1183 810 1241 eventum
820 1168 1173 1267 persequi'coguntur.

137 1263 203 1337 Vos
215 1281 348 1352 eutem,
360 1264 607 1356 Athenienses,
622 1270 704 1341 cum
715 1270 833 1367 copias
844 1267 999 1342 babeatis
1009 1265 1172 1343 omnium

137 1364 313 1452 maximus,
333 1365 501 1453 triremes,
515 1367 684 1465 legiones,
698 1369 844 1466 equites,
858 1367 1016 1466 pecuniae
1028 1368 1172 1455 reditus,

135 1459 175 1536 'ne
186 1464 312 1538 harum
329 1465 472 1563 quidem
490 1492 605 1540 rerum
624 1468 660 1541 in
677 1469 773 1542 hunc
790 1493 901 1566 usque
916 1468 1011 1554 diem
1025 1469 1095 1542 ullo
1110 1493 1174 1556 urr-

133 1561 1171 1764 wtlffillgtllllsslttltltl&llll

133 1763 203 1838 ritis
219 1789 304 1838 oum
320 1763 493 1864 Philippo.
517 1765 574 1840 lix
590 1766 635 1838 iis
649 1766 761 1851 enirn,
774 1767 804 1837 is
821 1765 883 1863 qui
899 1766 991 1838 ictus
1006 1777 1072 1853 est,
1086 1764 1173 1840 ictui
1188 1835 1190 1846 ,

132 1863 1175 2064 ursumcresceremusllmr
1198 1957 1214 2020 2

130 2064 286 2238 morit,
301 2065 510 2164 oequevult
538 2064 593 2138 lta
603 2078 640 2138 et
652 2090 736 2146 ros:
762 2063 890 2138 Siesse
903 2065 940 2137 iu
953 2063 1178 2138 Chersoneso

182 2164 245 2264 “p
268 2157 1173 2251 uinauditis,illucmittenduesseauxiliadecemitise
1255 2185 1259 2194 ·

131 2264 209 2338 siin
223 2263 503 2362 Pylis,illucitis:
519 2265 549 2336 si
559 2265 643 2338 alibi
652 2264 803 2363 uspiam,
814 2263 1027 2338 affectumiui
1036 2271 1176 2338 sursum

131 2365 361 2440 etdeomum:
376 2379 412 2436 et
422 2375 551 2438 eumut
562 2365 690 2438 ducem
703 2364 844 2451 milites,
851 2363 1054 2463 sequimini,
1063 2388 1177 2463 neque

132 2464 245 2538 ullum
258 2464 357 2537 vobis
370 2464 505 2537 utilede
515 2457 596 2538 belli
606 2466 750 2563 gerendi
763 2465 898 2538 tutione
908 2463 1096 2540 consilium
1109 2464 1176 2538 ini·

130 2564 176 2638 tis
189 2591 201 2651 ;
218 2587 332 2662 neque
344 2564 533 2662 quicquum
546 2566 754 2664 prospicitis,
765 2579 953 2663 antequam
968 2579 1031 2640 aut
1043 2564 1175 2640 luctum

132 2689 208 2737 esse
223 2664 367 2761 aliquid,
382 2678 444 2737 aut
455 2663 530 2736 fieri
543 2665 704 2738 audiatis.
730 2664 805 2738 Ista
820 2668 901 2737 vero
917 2663 1073 2738 lectitare
1089 2663 1177 2736 olim

132 2761 275 2836 fortasse
288 2764 403 2836 licuitt
419 2763 559 2836 nuncin
573 2763 689 2860 ipsum
701 2762 888 2836 discrimen
903 2787 1020 2836 rerum
1032 2775 1177 2844 ventum

132 2878 196 2938 est.
224 2863 434 2957 Quare-non
448 2865 523 2960 jem
541 2862 636 2936 idem
652 2861 746 2934 licet.

156 2962 265 3038 ·XV.
279 2961 1180 3060 Acmihicogitantividetur,Athenienses,Deorum
1309 3011 1316 3026 2

132 3063 268 3162 uliquis,
286 3089 392 3162 quem
409 3078 548 3138 nmtrm
558 3063 652 3138 urbis
677 3063 801 3161 gratie,
816 3087 952 3149 eorum,
968 3087 1050 3161 quae
1070 3061 1177 3154 liunt,
1196 3132 1199 3140 .

133 3164 250 3260 pudet,
262 3162 362 3236 illum
378 3189 494 3236 rerum
506 3163 740 3261 gerendorum
752 3165 912 3237 ardorem
922 3163 1085 3261 injecisse
1095 3159 1181 3236 Phi,

134 3261 241 3360 lippo.
260 3263 334 3355 Qui
348 3263 378 3336 si
388 3289 468 3362 quae
478 3262 869 3361 subegitetintercepit,
881 3288 923 3334 ea
933 3277 1050 3337 tenere
1057 3275 1093 3334 et
1102 3263 1179 3360 qui·
1196 3267 1200 3276 '

134 3385 249 3435 escere
261 3363 374 3450 vellet,
388 3364 695 3460 nequequicquam
710 3375 874 3457 praetereo
888 3360 1086 3434 moliretur:
1105 3385 1179 3434 ves·

135 3459 228 3534 trum
241 3461 385 3560 quidam
398 3487 523 3535 canon
541 3464 635 3560 segre
652 3459 758 3534 laturi
769 3459 859 3532 mihi
870 3458 1079 3543 viderentur,
1097 3483 1179 3555 quae

134 3561 267 3660 reipub.
274 3562 623 3659 dedecusetigouviae
630 3561 806 3635 crimenet
817 3581 959 3634 summo
968 3557 1089 3630 omniu
1101 3582 1180 3654 pro·

129 3661 418 3737 brauttulissent.
435 3661 649 3748 Nunc,dum
657 3655 1182 3758 sempetaggredituraliquidet

136 3761 213 3858 plus
222 3762 367 3860 appetit,
381 3761 595 3836 torossevos
605 3761 773 3848 evocabit,
788 3760 856 3834 nisi
868 3758 1021 3834 devobis
1033 3755 1182 3832 omnino

135 3859 356 3960 despexistis.
382 3861 549 3957 ligovero
558 3860 825 3948 miror‚sinemo
835 3861 989 3934 vestrum
1001 3880 1115 3954 neque
1123 3881 1182 3932 co·

136 3961 238 4058 giret,
244 3961 577 4061 nequeindignetur,
588 3959 729 4060 quando
739 3961 844 4046 videt,
851 3955 1100 4042 Athenienses,
1110 3956 1183 4038 bel·

137 4059 213 4134 lum
224 4061 373 4160 coepisse
383 4061 525 4134 initium
539 4061 585 4134 de
597 4061 796 4134 ulciscendo
806 4057 984 4158 Philippo:
1001 4056 1108 4128 finem
1123 4080 1184 4130 uu·

138 4173 211 4234 tem
222 4161 261 4234 in
271 4187 313 4234 eo
322 4161 397 4258 jam
408 4161 545 4248 versari,
561 4185 604 4234 ne
619 4159 684 4259 ipsi
697 4157 852 4235 cladibus
865 4157 1058 4234 efficiamur
1071 4158 1092 4230 i
1104 4154 1186 4234 Plri-
1212 4251 1219 4264 Ι
