2874 5044
556 317 725 466 rer

233 639 234 644 '
336 655 914 768 oassavnrrouus

254 961 1016 1138 connumeratos

353 1195 907 1384 vaaaa'umunnaoa

112 1439 257 1556 ANNI
269 1483 344 1578 Jam
358 1482 465 1582 elapsi
483 1496 567 1558 sunt
581 1483 723 1558 ducenti
740 1482 876 1559 circiter
892 1496 929 1560 et
945 1481 1099 1581 triginta,
1114 1506 1158 1554 ex

113 1600 183 1680 quo
196 1583 351 1680 primurn
365 1579 401 1654 in
416 1583 530 1659 lucem
542 1583 783 1681 prodiere,sub
794 1582 878 1658 Aldi
889 1583 980 1658 curis
992 1580 1160 1678 et.auspi·‘

111 1681 443 1768 ciis‚Commentarii
452 1683 489 1756 in
500 1682 753 1759 Demosthenis
766 1683 940 1760 orationes
948 1680 1160 1771 octodecim,

114 1777 260 1879 Ulpiani
276 1806 406 1855 nomen
427 1782 673 1880 praeferentes>
692 1783 763 1856 Ἐκ
781 1807 836 1872 eo,
856 1783 942 1858 alios
959 1780 1159 1880 atquealios

114 1881 263 1954 editores
285 1907 326 1956 ac
349 1896 515 1980 patronos
540 1883 691 1958 subinde
708 1883 803 1956 nacti
830 1907 997 1980 magnam
1020 1881 1099 1968 sibi,
1117 1877 1161 1952 ad

115 1980 323 2056 hodiernum
341 2007 451 2079 usque
467 1983 574 2070 diem,
593 1984 687 2080 apud
703 1981 858 2055 eruditos
872 1982 1004 2054 lamam
1021 1994 1057 2054 et
1078 2003 1161 2052 auc·

116 2079 294 2154 toritatem
312 2080 551 2155 obtinuerunt.
579 2081 717 2155 interea
733 2095 864 2166 tamen,
879 2080 1037 2178 quamvis
1058 2077 1161 2175 Ulpi·

115 2205 183 2255 ano
200 2205 323 2254 eorum
341 2181 506 2279 pleraque
523 2182 729 2266 tribuerent,
750 2182 919 2254 nonnulla
936 2177 1161 2276 interpolato·

115 2279 161 2352 ris
179 2300 325 2354 manum
343 2278 527 2354 referentia
545 2279 646 2356 facile
669 2280 989 2354 animadverterunt
1014 2277 1162 2363 Critici3

117 2379 293 2477 idutique
310 2405 354 2452 ex
366 2380 511 2466 voculis,
530 2379 689 2470 Ἄλλως,
707 2378 762 2458 s'rrl
779 2381 817 2459 ro*
832 2377 924 2466 adri,
941 2393 977 2451 et
989 2378 1162 2454 similibus

116 2479 194 2552 luce
211 2480 336 2555 claribs
354 2483 547 2554 constabat.
602 2481 670 2554 His
688 2485 769 2554 verb
784 2479 1017 2566 exulantibus,
1036 2492 1164 2553 caetera

117 2603 181 2678 pro
206 2580 362 2676 genuino
384 2580 550 2654 Rhetoris
574 2578 663 2656 fretu
681 2581 980 2678 amplectebantur
995 2596 1022 2665 3'
1041 2591 1103 2650 aut
1132 2577 1162 2650 si

77 2671 94 2687 ‘
116 2679 279 2776 quaedam
296 2679 394 2776 quasi
414 2680 532 2753 minirs
551 2679 695 2776 pulchra
712 2691 929 2778 respuerunt,
947 2677 1005 2750 vix
1021 2678 1094 2750 ullo
1111 2691 1162 2750 ta·

116 2803 201 2850 men
215 2779 283 2849 boo
296 2792 358 2850 aut
374 2803 419 2850 ne
431 2780 489 2852 vix
498 2777 640 2876 quidem
657 2795 865 2876 argumento
882 2777 973 2852 tutti.
1021 2775 1081 2852 ¹Ita
1096 2777 1162 2874 igi·
1274 2839 1279 2842 .

72 2903 84 2921 ·
117 2879 244 2950 tbrres
258 2877 745 2976 eratatqueetiamnbmest.
773 2877 904 2976 Aliqua
913 2875 1093 2950 hincinde
1104 2899 1164 2972 per

117 2991 353 3050 enarraturam
372 2991 532 3052 nostrum
559 2977 816 3074 reprehendunt
833 2977 1076 3064 Carnabonta,
1091 2975 1162 3050 ‚Va-
1234 3047 1240 3060 s

116 3077 235 3163 letius,
253 3077 324 3163 alii,
343 3077 457 3152 obiter
469 3093 505 3151 et
517 3077 705 3152 desultorie
719 3079 791 3164 ;·ad
807 3079 951 3177 plenum
968 3081 1049 3152 verb
1059 3090 1095 3150 et
1108 3101 1163 3150 ac·

117 3177 271 3250 curatius
282 3197 427 3250 examen
447 3203 553 3251 nemo
570 3178 740 3252 hactenns
758 3203 853 3264 eum,
872 3179 966 3276 quod
983 3178 1103 3265 sciam,
1119 3203 1165 3250 ne

117 3275 342 3350 Clarissimus
352 3277 495 3374 quidem
506 3277 697 3362 Fabricius,
710 3280 890 3353 revocavit.
912 3279 1032 3352 Liceat
1044 3277 1163 3375 itaque

117 3376 207 3449 mihi
218 3376 365 3474 paucula
376 3379 553 3472 quaedam,
568 3403 648 3474 quas
663 3376 937 3450 Commentariis
950 3378 1046 3452 bisce
1059 3377 1163 3472 paulb

82 3567 86 3576 Ι
116 3475 321 3574 diligentibs
345 3477 498 3550 excussis
514 3477 786 3562 observaveram,
804 3475 942 3548 erudito
959 3477 1079 3548 lectori
1106 3499 1163 3550 ex·

117 3569 301 3673 pende'nda
318 3576 499 3671 subjicere.

169 3681 188 3766 §
211 3677 242 3748 l.
270 3675 398 3749 enno
411 3675 519 3774 igitlrr
532 3676 795 3774 disquirendum
812 3693 876 3764 est,
895 3676 1163 3762 Enarratoriste

116 3775 196 3872 quis
209 3773 324 3861 fuerit,
339 3801 419 3873 quae
445 3777 496 3849 illi
519 3779 641 3875 patria,
660 3779 754 3874 quod
772 3778 941 3864 studium,
966 3779 1092 3876 quibus
1110 3780 1164 3850 in·

117 3874 465 3973 diciisexternisque
485 3902 565 3976 quae
594 3892 762 3951 vocantur
785 3878 995 3958 testimoniis
1019 3877 1164 3974 Ulpiani

121 3973 288 4046 Rhetoris
304 3975 434 4048 nomen
445 3991 481 4049 et
493 4001 677 4075 personam
692 3971 875 4051 induerit?
885 3977 1103 4050 praefationis
1114 3979 1164 4078 ip-

117 4073 192 4148 sius
207 4074 328 4148 titulus
342 4076 391 4150 ita
403 4077 598 4175 concipitur
611 4078 703 4175 apud
717 4078 976 4173 Hieronymum
990 4078 1163 4155 Wolfium
1203 4108 1206 4116 ¹
