2946 5032
465 336 799 414 OLYNTHIACA
823 337 891 412 1112
1123 337 1191 410 311

142 533 225 584 cam
242 510 326 583 inde
342 513 541 599 sustentari,
554 537 626 586 non
644 540 685 586 ea
700 513 892 612 intercipih
909 510 1082 610 Philippo,
1094 498 1196 609 opot-

141 623 237 696 teat3
269 613 339 708 qula
355 613 503 709 pecuniai
518 614 671 711 privatus
685 615 717 686 si
735 613 850 700 luerit,
869 615 906 686 in
922 626 1058 686 arctum
1075 611 1197 684 admo·
1223 626 1227 633 “

142 711 234 785 dum
253 711 286 784 ci
304 711 478 810 stipendia
493 714 665 811 peregrini
684 714 805 786 militis
823 714 1071 811 redigerentur.
1110 709 1196 784 Jarn

145 808 318 882 Poeonerrr
336 824 375 882 et
394 811 564 908 Illyrium,
587 827 731 887 caeteros
751 813 902 911 denique
922 837 1058 898 omnes,
1077 808 1198 884 existi·

145 909 322 984 mandurn
335 925 391 984 est
400 912 548 1007 suijuris
560 926 596 985 et
605 913 745 999 liberos,
759 917 866 1011 quam
880 937 1008 998 servos,
1022 935 1098 984 esse
1111 907 1199 983 mal·

147 1009 194 1084 le.
247 1009 382 1084 lnsueti
399 1011 496 1086 enim
514 1027 598 1086 sunt
612 1014 779 1112 cuiquam
796 1037 927 1112 parere,
950 1026 988 1085 et
1003 1012 1113 1086 homo
1131 1010 1197 1082 im·

196 1121 322 1182 nunus
338 1124 467 1197 est„ut
482 1112 602 1186 aiuutr
640 1138 753 1212 neque
772 1111 929 1210 prolecto
945 1110 982 1184 id
999 1110 1201 1184 incredibile

185 1209 306 1284 nassis
323 1225 388 1284 est.
431 1211 528 1310 Nam
542 1238 599 1286 rer
614 1213 847 1299 secundiores,
865 1215 973 1310 quhm
989 1236 1051 1308 par
1067 1224 1131 1296 est,
1150 1222 1202 1284 te·

149 1309 323 1384 merituris
340 1312 561 1386 occasionem
576 1313 727 1386 incautis
744 1315 914 1411 praebeut.
965 1310 1088 1403 Quare
1103 1331 1202 1408 saepe

148 1410 287 1483 videtur
302 1424 402 1508 parta
414 1411 507 1486 tueri
523 1413 618 1486 bosra
636 1439 711 1487 csse
730 1413 917 1500 difficilius,
938 1415 1047 1510 qubus
1067 1433 1200 1510 parare.

150 1505 323 1584 Statuetis
351 1510 470 1610 igitur,
499 1510 749 1602 Athenienses,
775 1512 1084 1586 incommoditates
1109 1509 1203 1582 illius

151 1621 281 1683 vestras
298 1635 374 1684 esse
390 1611 672 1701 commoditates,
695 1628 732 1687 et
748 1612 969 1686 occasionem
985 1612 1128 1684 suanae
1144 1633 1202 1680 ur·

150 1709 292 1808 gebitis,
317 1735 384 1784 nec
405 1711 539 1810 legatos
560 1712 732 1786 duntaxat
756 1711 917 1798 mittetis,
946 1713 1018 1810 qud
1037 1706 1203 1782 mittendi

152 1823 247 1896 sunt,
266 1810 328 1882 sed
345 1826 380 1883 et
396 1811 464 1908 ipsi
481 1812 689 1900 militabitis,
714 1826 751 1886 et
765 1812 853 1885 alios
871 1831 996 1884 omncs
1013 1809 1204 1884 concitabi-

152 1909 211 1983 tis.
262 1908 359 1983 Nam
377 1911 407 1982 si
423 1910 587 2010 Philippo
605 1913 683 1986 talis
701 1926 823 1986 contra
840 1936 905 1983 nos
922 1911 1063 1985 daretur
1078 1933 1204 2009 oppor-

150 2007 298 2096 tunitas,
322 2023 359 2083 et
374 2011 507 2084 bellum
525 2036 633 2111 prope
649 2026 787 2087 nostros
803 2012 892 2084 fines
914 2009 1073 2097 oriretur,
1096 2012 1205 2107 quam
1302 2025 1305 2032 '

154 2108 281 2208 cupide
303 2110 434 2208 putatis
449 2135 532 2184 eum
550 2113 586 2186 in
606 2137 671 2185 nos
685 2109 906 2185 invasuruml
942 2109 991 2184 Et
1006 2133 1126 2182 nonne
1141 2131 1206 2205 pu·

155 2209 234 2282 dcat
251 2231 323 2295 vos,
338 2210 368 2283 si
386 2235 450 2283 nec
466 2236 507 2284 ea
524 2233 605 2310 quae
621 2212 689 2311 ipsi
705 2211 851 2299 ferretis,
863 2212 893 2286 si
909 2223 1028 2310 posset
1043 2209 1114 2300 ille,
1125 2207 1207 2284 dart

156 2309 348 2396 occasione,
367 2309 479 2384 lacere
496 2312 675 2385 audeatis?
1076 2391 1080 2400 ,

204 2405 255 2481 X.
283 2407 501 2484 ramam
514 2437 559 2486 ne
570 2412 639 2486 hoc
652 2411 796 2512 quidem
809 2437 870 2484 vos
884 2423 1076 2512 praetereat,
1094 2406 1208 2485 Athe·

159 2508 309 2595 nienses,
337 2535 433 2584 nunc
458 2513 640 2612 optionem
666 2513 741 2588 dari
765 2513 876 2600 vobis,
903 2526 1025 2586 utrum
1050 2537 1112 2584 vos
1137 2511 1209 2584 illle

159 2623 317 2708 oporteat
333 2611 465 2684 bellum
483 2639 613 2710 gerere,
632 2639 678 2686 an
696 2612 789 2710 apud
807 2637 867 2685 vos
885 2609 1013 2686 illum?
1053 2607 1094 2683 Si
1110 2609 1208 2684 enim

160 2707 411 2809 Olyntlriorum
427 2731 510 2808 opes
529 2712 723 2785 manserint
733 2711 940 2797 incolumes,
952 2735 1014 2784 vos
1030 2708 1103 2783 illic
1121 2733 1210 2807 pug-

160 2823 295 2897 nantes,
315 2815 398 2884 cbm
425 2812 518 2884 illius
534 2835 684 2910 regnum
708 2811 899 2896 vastabitis,
918 2824 996 2884 tum
1011 2811 1131 2883 secure
1144 2809 1211 2881 bric

160 2913 275 2982 vestr?
297 2917 390 2983 terrai
407 2910 582 2985 fruemini.
632 2909 699 2986 Sin
723 2909 799 2983 illas
816 2909 1001 3008 Philippus
1018 2927 1105 2983 occu
1132 2907 1209 2994 trit,

160 3009 238 3180 psuis
256 3031 339 3084 eum
357 3015 460 3107 porro
474 3011 546 3084 buc
562 3011 613 3084 ire
630 3009 853 3112 prohibebit?
877 3001 1064 3084 Thebani?
1128 3035 1148 3084 e
1164 3005 1212 3082 sit

184 3124 258 3183 retu
280 3111 449 3197 acerbius,
477 3112 584 3185 etiam
606 3112 767 3210 expedite
788 3115 862 3188 una
882 3109 1091 3209 irrumpent.
1150 3107 1212 3182 Art

160 3205 388 3284 Phocenses?
425 3211 480 3284 llli
507 3237 552 3284 ne
569 3237 633 3284 sua
653 3211 808 3309 quidem,
831 3212 908 3283 sine
924 3209 1045 3284 vestris
1063 3209 1213 3296 auarliis,

161 3309 251 3384 tueri
264 3325 425 3408 possunt.
452 3308 534 3384 'Aut
551 3311 639 3383 alius
656 3310 855 3407 quispiam?
883 3308 936 3382 At
951 3307 1092 3381 hercule
1105 3307 1214 3381 nolet.

157 3405 337 3482 Omnium
354 3417 455 3484 certe
477 3410 770 3484 absurdissimum
790 3407 907 3494 fuerit,
936 3407 978 3496 si,
1000 3431 1082 3505 quae
1104 3427 1213 3493 nunc,

116 3551 121 3560 ·
162 3508 270 3582 etiarn
281 3534 363 3584 curn
377 3511 535 3584 stultitiae
549 3508 827 3609 reprehensione,
840 3521 962 3580 tamen
975 3506 1162 3604 eloquitur,
1175 3526 1216 3579 ea

158 3609 244 3682 dat?
259 3623 432 3709 potestate
447 3636 521 3684 non
539 3609 678 3684 faceret.
725 3607 913 3701 Quantum
929 3619 1050 3681 autem
1066 3605 1216 3693 intersit,

160 3709 222 3783 hlc
240 3735 283 3782 an
302 3710 375 3784 illle
395 3710 528 3784 bellum
547 3723 699 3808 geratur,
723 3708 836 3782 verbis
855 3706 945 3781 nihil
965 3729 1054 3806 opus
1070 3726 1146 3780 esse
1160 3723 1216 3780 'ar-

160 3809 286 3884 bitror.
335 3809 375 3882 Si
391 3810 488 3884 enim
506 3823 680 3908 oporteret
696 3833 757 3883 vos
775 3808 869 3907 ipsos
885 3807 1030 3906 triginta
1046 3807 1217 3880 duntaxat

165 3909 239 3982 dies
257 3908 340 3984 foris
357 3935 442 3995 esse,
462 3924 499 3982 et
513 3935 594 4007 quae
608 3909 734 3982 alendo
752 3923 835 3980 sunt
851 3906 1028 3991 exercitui,
1047 3929 1088 3979 ea
1100 3908 1121 3978 ὲ
1135 3929 1216 3978 nos·

163 4009 210 4083 tri
218 4010 296 4108 agri
310 4009 538 4109 proventibus
554 4023 682 4106 petere,
703 4007 784 4104 (etsi
801 4008 918 4080 nullus
940 4006 1086 4104 inquam
1107 4003 1218 4078 bostis

166 4109 203 4182 in
218 4131 261 4184 eo
271 4111 490 4207 samareton)
498 4107 534 4182 id
545 4107 716 4182 damnum
730 4107 825 4206 quod
835 4107 861 4180 ii
868 4109 1038 4193 vestrum,
1045 4101 1106 4204 qui
1116 4107 1218 4204 agros

167 4209 302 4299 colunt,
324 4209 561 4296 admitterent,
584 4209 696 4305 majus
714 4205 787 4284 lore
803 4206 912 4282 totius
927 4200 1010 4280 belli
1034 4203 1219 4304 superioris
