2902 5044
282 375 357 452 sn
684 373 840 450 norm
865 375 921 451 m

283 550 334 624 nr
350 503 635 625 datianam.
663 549 875 666 varenam
892 549 1021 648 argon.
1038 545 1182 650 remp.
1197 549 1342 624 Arnen.

199 650 201 656 ’
283 650 344 724 lib.
363 650 401 725 ii.
420 676 497 750 cap.
516 653 551 724 4.
1278 741 1282 748 Ι

287 813 290 818 Α
334 749 377 823 Ρ.
396 749 458 831 67.
477 751 502 822 Ι.
523 752 545 823 2
563 763 687 847 etseq.
715 747 780 839 Mal
794 746 906 842 θῆσθε
924 749 1016 854 νέμον
1033 745 1165 858 μηδένα,
1181 749 1247 828 riri
1265 747 1343 852 γοῖρ

285 850 362 955 ὑμῖν
377 851 497 946 ἱκανοὶ]
514 847 711 923 Multitudo
727 849 865 948 Legum
882 873 1031 946 regnum
1050 849 1144 922 rnale
1160 851 1341 923 constitu·

283 964 364 1026 turn
374 950 518 1024 indicat.
545 948 746 1024 cumcuim
761 951 855 1049 leges
869 950 949 1023 ideo
960 949 1125 1036 forantur,
1140 962 1181 1022 ut
1194 973 1338 1048 perver-

282 1050 423 1124 sitatem
441 1075 584 1124 morum
600 1050 802 1149 reprimant,
823 1049 882 1124 ubi
897 1050 1019 1122 multae
1030 1051 1139 1149 leges,
1154 1050 1204 1123 ibi
1219 1051 1338 1124 multa

282 1149 353 1224 sint
369 1150 502 1250 flagitia
519 1173 660 1224 neeesse
676 1167 743 1224 est.
778 1147 998 1226 Tournellns.
1215 1171 1218 1176 ·

331 1249 387 1324 Il).
404 1251 430 1324 l.
450 1253 486 1326 2·
521 1252 584 1331 Ml
598 1247 729 1352 θῆσθε]
767 1250 889 1326 Laud.
907 1248 1034 1328 3sialr.
1054 1246 1149 1322 Bm»
1169 1285 1206 1328 α.
1225 1247 1332 1342 θῆτε.

283 1348 443 1447 Wolstus
460 1348 726 1440 mavultdlrdr,
739 1365 773 1424 et
790 1377 875 1426 mox
888 1355 948 1431 καὶ
960 1350 1022 1440 aar
1034 1355 1106 1454 περὶ
1120 1353 1182 1428 τῶν
1195 1383 1333 1454 enarro·

172 1513 175 1518 -
281 1448 399 1558 ogdacos
417 1453 509 1542 lulag,
526 1452 591 1538 vel,
612 1452 744 1526 omisso
761 1452 920 1539 articulo,
940 1454 1001 1530 nal
1016 1458 1089 1550 περὶ
1105 1485 1137 1528 r·
1157 1481 1194 1532 ¹5·
1215 1484 1244 1527 ε.

128 1597 135 1602 -
284 1597 287 1602 -
328 1550 383 1624 lb.
397 1552 419 1627 l.
434 1555 458 1625 4
472 1567 508 1626 et
521 1553 556 1624 5.
577 1551 678 1654 Λέγω
697 1554 727 1631 δὲ
743 1551 804 1643 ruis
815 1559 889 1657 napi
901 1549 1159 1656 τῶνθεωρνκῶν]
1175 1549 1331 1626 Atheni·

277 1675 389 1738 enses,
405 1667 485 1752 post
497 1653 628 1726 bellum
639 1653 896 1752 AEginetiounr,
906 1651 1088 1727 initdoum
1100 1651 1330 1740 Lacedaemo·

278 1752 346 1825 niis
360 1752 504 1854 triginta
516 1778 690 1829 annorum
708 1780 803 1855 pace,
822 1753 919 1827 mille
935 1752 1068 1826 talenta
1079 1750 1273 1852 quotannis
1289 1751 1327 1823 in

278 1851 402 1925 aerario
426 1853 653 1952 reponebant,
681 1879 753 1928 non
784 1853 1021 1953 expendenda,
1053 1853 1121 1926 nisi
1147 1850 1267 1924 hostis
1293 1851 1328 1923 in

275 1949 435 2027 Atticam
452 1955 618 2052 appulsus
632 1979 710 2028 eam
723 1955 923 2050 invaderet:
952 1953 980 2026 si
995 1953 1122 2052 quirin
1137 1951 1226 2025 alios
1240 1975 1327 2026 usus

276 2073 318 2124 ea
330 2053 566 2152 impendenda
577 2079 653 2128 esse
666 2056 875 2141 decerneret,
891 2069 1003 2127 morte
1016 2065 1090 2126 erat
1104 2049 1324 2124 multandus.

275 2151 368 2226 Haec
379 2153 435 2226 lex
447 2179 490 2228 eo
502 2155 658 2258 primum
674 2157 806 2240 ardore,
818 2179 889 2253 quo
902 2177 991 2226 nova
1004 2154 1210 2250 plerumque
1223 2150 1325 2224 insti·

274 2264 362 2339 tuta,
370 2255 629 2329 observabatur.
658 2251 1325 2352 PosteaPerioles,quogratiampopulo

274 2351 389 2440 iniret,
404 2365 526 2427 auctor
538 2355 606 2429 fuit
617 2371 658 2430 nt
670 2357 799 2428 viritim
814 2354 946 2428 civibus
960 2354 1266 2438 distribuerentur,'
1280 2351 1325 2426 ad

272 2451 376 2526 ludos
389 2468 426 2526 et
441 2457 660 2551 spectacula:
687 2457 892 2530 hortamen
911 2455 1060 2552 proviso,
1079 2468 1120 2528 ut
1136 2453 1324 2550 ingruente

271 2551 366 2625 bello
381 2551 459 2627 haeo
474 2556 623 2652 pecunia
640 2556 675 2628 in
694 2555 850 2629 militum
868 2554 1042 2653 stipendia
1064 2566 1320 2628 numeraretur.

273 2651 425 2754 Utrique
434 2655 563 2752 pariter
573 2681 786 2739 consensum
800 2670 869 2730 est:
888 2657 1023 2744 verum,
1035 2669 1077 2728 ut
1089 2653 1206 2728 omnis
1219 2651 1323 2726 disei-

271 2751 379 2852 rdinae
388 2755 553 2852 relaxatio
561 2755 670 2830 serilrs
679 2759 776 2832 ocius
788 2757 824 2830 in
836 2755 1015 2829 licentiam
1024 2756 1223 2853 degenerat,
1234 2751 1322 2826 adeo

271 2877 319 2952 po
344 2855 423 2930 ulus
439 2856 674 2931 delectabatur
698 2859 764 2930 hdo
789 2857 986 2958 largitione,
1011 2879 1119 2954 quam
1142 2852 1320 2927 Demades

320 2959 432 3028 rreum
448 2957 656 3060 appellabat,
674 2983 745 3056 quo
762 2959 852 3031 cives
879 2979 1004 3030 omnes
1029 2979 1067 3028 se
1091 2954 1320 3053 illaqueatum

271 3051 382 3141 ibant,
401 3069 441 3128 ut
459 3056 556 3129 nullo
574 3057 723 3132 omnino
751 3058 789 3130 in
820 3081 901 3132 casu
932 3080 1010 3130 eam
1042 3055 1145 3129 vellet
1170 3051 1318 3139 detrahi,

120 3149 126 3162 ’
271 3155 435 3252 annoque
451 3179 523 3252 quo
539 3155 668 3230 habitae
693 3171 777 3231 sunt
802 3157 977 3232 orationes
992 3155 1228 3254 Olynthiacae,
1245 3151 1319 3226 Eu·

270 3251 811 3357 bulus3prinoepsfaotionisquae
821 3255 1315 3339 Demostheniadversabatur,

269 3351 357 3452 legis
369 3368 491 3428 auctor
503 3369 604 3446 esset,
615 3361 686 3458 qua
695 3358 833 3458 capitali
844 3360 950 3457 poena
960 3371 1103 3430 sautum
1115 3368 1180 3444 est,
1193 3352 1317 3468 nequis

267 3455 466 3552 pecuniam,
479 3457 641 3534 aPericle
651 3458 866 3558 Spectaculis
876 3457 1100 3544 destinatam,
1113 3456 1149 3528 in
1160 3454 1316 3528 militum

267 3555 442 3654 stipendia
455 3560 628 3634 numerari
642 3573 789 3658 satagat.
838 3557 1079 3658 Apollodorus
1088 3557 1208 3642 etiam,
1222 3551 1316 3652 quod

266 3658 481 3730 eontrarium
498 3659 675 3746 suasisset,
702 3660 873 3733 multatus
897 3673 962 3732 est.
988 3653 1129 3732 Andos.
1156 3656 1200 3728 de
1226 3654 1315 3728 Pace
1436 3737 1437 3748 χ

266 3763 349 3829 euin
366 3756 493 3832 Laced.
519 3757 677 3859 Thucyd.
696 3759 758 3833 lib.
777 3759 813 3832 ii.
830 3757 943 3833 Diod.
962 3757 1107 3857 Olymp.
1126 3753 1187 3843 87,
1201 3777 1260 3828 an.
1279 3755 1312 3828 2.
1436 3787 1437 3810 ν

268 3853 370 3932 Par.
385 3857 421 3930 in
435 3855 545 3933 Perio.
562 3857 749 3934 Denwstlr.
764 3873 887 3933 contra
898 3859 1077 3934 Neaeram.
1105 3855 1197 3932 Haeo
1209 3881 1250 3929 ea
1262 3863 1314 3927 est

265 3954 598 4060 Eubulllrexquam
608 3959 870 4036 Demosthenes
879 3974 1030 4048 aomsat,
1038 3959 1166 4058 cuique
1176 3953 1312 4056 rapidos

265 4054 418 4160 Philippi
444 4083 647 4160 progressus
664 4059 843 4135 destinas
866 4061 927 4136 lib.
952 4062 999 4134 vi.
1017 4075 1179 4160 acceptos
1196 4055 1309 4130 relert·

264 4153 449 4257 Enipeios
472 4163 598 4236 verba:
628 4159 758 4260 Hujus
781 4177 892 4236 morte
911 4160 1191 4265 (Epaminondas
1214 4152 1309 4231 duois
1435 4163 1436 4186 l
