2946 5032
260 333 630 410 DEMOSTHENIS
654 332 990 413 OLYN'I'HIACA
1015 337 1064 413 11.
1113 339 1185 412 295

193 507 257 582 ΠΙ.
284 509 539 596 Msnrnrsns,
565 507 813 594 Athenienses,
840 510 1048 584 nunciatum
1082 510 1205 586 fuisse.

140 610 249 695 vobis,
267 609 472 708 Philippum
490 609 526 682 in
544 609 706 696 Thracis,
724 611 828 683 tertio
845 622 907 683 aut
919 625 1043 709 quarto
1061 611 1189 685 abhinc

139 733 244 797 auno,
271 709 441 784 Heraeum
459 708 630 808 oppidum
647 710 805 784 obsidere
819 737 833 782 r·
856 724 943 784 tuno
965 711 1072 810 igitur
1088 735 1188 790 men-

140 809 190 882 sis
205 824 278 884 erat
305 808 525 907 September.
566 809 695 883 Multis
713 823 833 886 autem
850 811 963 885 verbis
979 827 1016 885 et
1032 810 1189 886 tumultu

141 905 231 982 fecto
248 910 342 1008 apud
375 935 451 996 vos,
477 910 677 984 decrevistis
696 924 736 982 ut
766 911 1000 1009 quodraginta
1030 911 1189 985 triremes

143 1009 414 1083 deducerentur:
444 1024 561 1109 utque,
589 1009 649 1107 qui
666 1009 756 1083 infru
780 1035 916 1083 unnum
943 1011 1055 1084 aetutis
1073 1025 1191 1085 essent

142 1109 304 1207 quintum
320 1123 358 1182 et
381 1110 701 1207 quadragesimum,
729 1134 791 1182 eus
807 1111 877 1208 ipsi
903 1113 1188 1198 conscenderent,

143 1223 249 1308 utque
264 1210 399 1283 talentu
414 1211 595 1306 sexaginta
612 1209 862 1283 conferrentur.
901 1210 998 1297 Pdst,
1024 1237 1067 1284 eo
1088 1237 1190 1284 ,anno

142 1309 268 1408 elopso,
294 1309 438 1396 Junius,
464 1309 649 1402 Quintilis,
677 1309 817 1384 Sextilis
843 1326 945 1385 mate
971 1337 1014 1385 eo
1028 1312 1089 1384 vix
1112 1325 1190 1384 tan·

146 1409 222 1482 dem
258 1417 391 1496 mense,
427 1409 595 1483 conlectis
633 1408 775 1483 Cereris
806 1411 991 1506 mysteriis,
1024 1410 1191 1486 Charide-

145 1535 241 1584 mum
258 1534 342 1584 cum
360 1511 481 1582 decem
501 1510 645 1582 navibus
662 1511 779 1584 vacuis
796 1510 995 1604 uhlegdstis,
1021 1525 1056 1582 et
1086 1512 1189 1609 quiu-

144 1636 208 1708 que
231 1610 561 1705 tolentisargenti:
589 1622 630 1681 ut
658 1610 755 1682 enim
781 1611 987 1684 nunciatum
1015 1610 1084 1682 suit
1108 1611 1202 1696 Phi·⁴

144 1709 276 1809 lippum
293 1723 474 1805 remutare,
493 1723 530 1784 et
547 1735 623 1782 esse
637 1723 830 1795 mortuum,
848 1709 946 1804 (nuru
969 1727 1116 1807 uterque
1136 1735 1193 1782 ru·

145 1834 219 1883 mor
234 1809 471 1907 afferebatur)
487 1809 575 1882 nihil
584 1811 660 1906 jorn
676 1835 767 1906 opus
780 1833 857 1882 esse
869 1811 997 1882 euxilin
1010 1810 1193 1896 rati-omi·

144 1909 245 1997 sistis,
260 1909 509 1994 Athenienses,
523 1909 783 2008 expeditionem
798 1937 807 1982 ε
835 1923 909 1982 erat
922 1925 1041 1982 autem
1056 1935 1100 1983 ea
1117 1911 1193 2009 ipsa

147 2011 305 2084 occasio:
333 2010 461 2082 namsi
483 2023 569 2084 tunc
586 2009 795 2104 illdauailia
811 2009 1040 2096 misissemus,
1055 2023 1096 2082 ut
1105 2025 1193 2082 stre·

143 2114 211 2184 aue
223 2111 497 2196 decreveramus,
516 2136 588 2184 non
603 2110 771 2184 molestus
785 2109 886 2183 nobis
900 2135 995 2184 nunc
1004 2123 1100 2182 esset
1111 2110 1194 2182 Phi.

143 2209 266 2310 lippus,
293 2228 372 2284 tum
386 2225 619 2284 conservatus.
1059 2244 1062 2252 r
1136 2275 1139 2295 ζ

190 2311 255 2388 IV.
285 2311 388 2402 Qum
404 2310 603 2408 i'giturtum
620 2309 820 2397 factasunt,
838 2334 879 2383 ea
892 2307 1021 2384 iniectu
1034 2309 1108 2384 fieri
1121 2319 1198 2384 nou

143 2425 302 2510 possunt.
329 2413 438 2484 Nunc
454 2425 574 2484 autern
592 2411 843 2484 alterius‘helli
871 2410 1016 2486 offertur
1040 2412 1192 2486 occasio.

144 2512 320 2606 Quaenam
334 2512 447 2584 haec?
477 2509 542 2584 Eo
559 2529 699 2610 propter
726 2519 833 2609 quam
863 2511 1050 2588 ethorum
1077 2533 1194 2585 rerum

143 2613 362 2686 mentionem
390 2611 466 2697 leci,
489 2637 536 2684 ne
559 2613 681 2684 endem
700 2612 798 2684 robis
815 2635 880 2683 usu
898 2613 1054 2684 veniant.
1091 2611 1193 2702 Quo·

144 2713 255 2788 modo
279 2713 387 2809 igitur
414 2712 482 2784 hoc
507 2726 661 2797 utemur,
689 2710 958 2782 Athenienses?
987 2709 1068 2782 Nisi
1094 2710 1192 2783 enirn

142 2813 243 2886 omni
256 2815 393 2900 robore,
409 2826 583 2911 quantum
601 2810 759 2910 potestis,
782 2807 964 2908 Olymtiis
976 2834 1084 2907 opem
1106 2810 1195 2882 tule-

142 2913 229 3000 ritis,
244 2926 410 3011 spectate,
427 2927 469 2984 ut
479 2917 500 2986 d
512 2912 610 2984 vobis
627 2910 748 2983 omnia
759 2935 811 2982 ex
825 2908 980 3008 Philippi
992 2909 1194 2995 commodo,

141 3013 242 3110 qrrasi
257 3014 333 3109 ejus
349 3014 458 3086 duces
469 3013 602 3099 essetis,
630 3011 874 3084 administrata
898 3023 1012 3084 erunt.
1040 3009 1072 3082 li
1096 3024 1197 3087 erum

143 3111 305 3210 Olynthii
321 3139 472 3210 quorum
489 3113 720 3213 aliquaeuires
732 3126 872 3185 essent:
895 3126 934 3184 et
948 3112 998 3185 itu
1014 3136 1118 3185 seres
1134 3111 1196 3186 ha·

142 3214 259 3298 bebat,
276 3227 317 3285 ut
334 3239 447 3312 neque
459 3213 642 3312 Philippus
653 3212 719 3284 hos
732 3212 894 3284 inuadere
910 3213 1063 3296 auderet,
1084 3235 1197 3308 neque

144 3313 180 3384 hi
205 3313 430 3412 Philippum,
453 3312 692 3386 fecimusnos
718 3310 830 3382 etilli
850 3333 978 3406 paoem
1002 3311 1094 3382 inter
1116 3336 1194 3384 nos.

142 3411 228 3486 Erat
246 3413 284 3486 id
301 3428 469 3512 tunquam
495 3412 790 3512 impedimentum
811 3407 989 3508 quoddam
1020 3408 1198 3506 Philippo,

144 3527 181 3586 et
204 3514 486 3601 incommodum,
505 3517 637 3588 urbem
663 3535 832 3608 magnum
858 3508 952 3582 velut
982 3509 1019 3582 in
1045 3509 1197 3582 statione

144 3637 232 3701 esse,
251 3613 295 3686 ad
320 3639 404 3688 eum
432 3613 549 3714 prime
573 3617 712 3714 quique
735 3610 921 3685 occasione
943 3608 1194 3696 infestandum,

146 3715 249 3789 nobis
264 3715 544 3801 reconciliatam
568 3715 608 3786 in
620 3737 702 3786 eum
718 3710 945 3785 concitandos
958 3735 1018 3781 eos
1034 3708 1196 3784 homines

144 3814 311 3890 omuibus
329 3816 444 3889 modis
460 3813 753 3890 erdotimarimus:
783 3825 829 3900 et,
859 3811 957 3909 quod
970 3833 1096 3887 omues
1117 3823 1196 3882 tum

144 3915 364 4002 dictitabant,
389 3915 425 3988 id
453 3939 548 3988 nunc
575 3913 769 4013 perlectum
794 3910 1194 4009 est‘quomodocunque.

144 4014 245 4108 Quid
260 4039 345 4112 ergo
361 4015 522 4113 supersit,
534 4012 786 4098 Athenienses,
815 4011 884 4084 nisi
898 4024 951 4084 ut
972 4008 1197 4108 opitulemini

144 4113 283 4210 fortiter
297 4129 333 4188 et
350 4118 502 4212 strenue,
525 4113 688 4214 equidem
716 4137 789 4186 nou
808 4111 933 4186 videor
960 4123 1085 4210 preter
1099 4109 1196 4184 enim
