2902 5044
411 403 787 480 onmrnrncmu
814 381 919 480 111.'
1092 403 1166 480 css

176 575 213 649 P.
228 577 288 649 96.
304 575 372 649 1.9.
390 574 574 680 Παρὸμοιόν
588 573 989 672 isrv]Aptusimilitud0.
1017 573 1112 648 Nam
1130 587 1167 661 et

120 677 266 772 peornia
277 675 444 751 facillime
461 676 692 764 consumitur,
709 689 744 746 et
757 677 805 747 rei
824 678 913 748 bene
929 676 1090 774 gerendae
1107 700 1165 746 oc·

122 775 215 846 ossio
228 777 332 872 paulo
343 791 526 849 momento
538 776 696 847 elabitur.
724 775 815 846 Vide
829 789 869 847 ut
879 800 950 847 non
962 775 1008 846 sit
1018 773 1166 872 simplex

122 887 163 946 et
173 875 372 971 quotidiana
382 873 635 948 Demosthenis
647 875 768 959 oratio,
787 876 848 946 sed
866 874 938 946 suis
951 873 1167 946 ornamentis
1185 914 1189 926 ι

121 973 161 1044 in
172 974 410 1070 magnaletiam
422 974 588 1047 brevitate
601 987 636 1044 et
647 972 760 1067 specie
772 973 1004 1070 simplicitatis
1016 987 1167 1046 constet:

122 1087 164 1144 ut
176 1073 419 1145 collationibus
439 1074 704 1159 contrariorum,
720 1073 1020 1169 occupationibus,
1042 1071 1166 1144 simili·

123 1171 313 1260 tudinibus,
327 1173 521 1258 sententiis,
537 1171 718 1268 exemplis,
737 1171 939 1243 illustretur.
991 1171 1169 1260 Potuisset

124 1271 216 1343 enim
230 1271 280 1343 sic
295 1272 429 1345 dicere:
458 1298 534 1356 nos,
553 1273 635 1344 clam
653 1272 796 1366 agendae
813 1284 930 1342 essent
942 1269 1020 1342 Deo
1031 1271 1165 1368 gratiae,

122 1371 369 1444 beneficiorum
387 1372 461 1466 ejus
479 1396 601 1443 sumus
619 1371 856 1443 immemores.
889 1364 1055 1462 Wolstus.

170 1467 221 1544 lb.
241 1470 266 1542 l.
291 1469 349 1548 17.
371 1466 516 1572 Ἐκζοῖν]
537 1468 903 1555 attrectassent.
943 1468 1003 1542 Sic
1020 1467 1166 1541 Cicero:

127 1565 175 1640 Id
195 1567 381 1641 consilium
401 1568 452 1641 itu
464 1568 566 1640 nobis
586 1567 823 1666 probabatur,
840 1582 883 1640 ot
900 1567 941 1639 de
956 1594 996 1639 eo
1012 1565 1169 1638 homines

125 1691 167 1738 ce
179 1682 304 1740 evento
324 1667 558 1763 judicaturos
572 1667 777 1741 videremus.
805 1665 918 1738 Idem.
961 1663 1043 1764 [Sic
1060 1667 1167 1736 etiarn

124 1763 283 1864 Epistod
297 1766 377 1840 Att.
393 1768 471 1840 lix.
486 1767 621 1864 Epio,
648 1767 780 1840 Balbus
791 1766 835 1839 cd
846 1764 1052 1847 Ciceronem
1068 1793 1075 1837 :
1093 1762 1170 1835 Nc·

127 1867 205 1938 dum
217 1865 398 1938 dominum
413 1865 608 1951 homilium,
623 1880 664 1938 ut
674 1889 883 1951 nossemus,
897 1864 964 1936 sed
976 1863 1083 1936 ctiam
1095 1889 1169 1935 arn·

118 1964 362 2062 plrbsimmacm
377 1965 543 2052 virorem,
563 1965 710 2038 consilio
733 1991 778 2037 co
802 1978 1086 2049 commetamur
1110 1987 1169 2034 oo·
1192 1967 1199 1984 ⁸

125 2063 269 2151 lentate,
288 2065 310 2137 d
319 2065 504 2165 pleresque
512 2063 665 2162 probari
680 2065 803 2136 solent.
846 2064 957 2160 Atqui
975 2063 1169 2160 sapientem
1222 2073 1224 2078 '

129 2165 181 2260 (ut'
196 2165 246 2236 nit
263 2163 387 2237 Cicero
416 2166 540 2238 eodem
566 2164 654 2236 libro
676 2163 791 2260 Epist.
819 2165 875 2259 5.)
901 2187 1038 2260 semper
1055 2187 1169 2236 causes

127 2277 328 2337 eventorum
348 2267 460 2361 magls
478 2277 632 2348 movent,
646 2267 752 2359 quem
770 2264 845 2360 ipsa
862 2263 1013 2356 eventa]

171 2363 210 2436 P.
226 2363 287 2442 97.
307 2364 330 2434 l.
349 2365 360 2434 l
380 2379 415 2435 et
427 2366 463 2436 2.
492 2363 534 2439 Εἰ
550 2362 583 2440 δὲ
598 2360 832 2467 προησόμεθα]
884 2359 1018 2434 Iterum
1036 2362 1171 2435 confert

127 2462 230 2535 officii
248 2463 383 2534 cultum
398 2479 433 2534 et
451 2463 660 2560 neglectum,
680 2475 785 2559 atque
802 2462 983 2558 utriusque
999 2477 1169 2535 eventus:

127 2563 208 2634 etin
222 2561 336 2658 ipsam
350 2587 465 2634 causae
481 2586 595 2635 arcem
617 2564 673 2656 (ut
689 2560 814 2634 Cicero
830 2562 998 2658 loquitur)
1018 2562 1172 2648 invadit3

127 2661 355 2746 ostendendo,
380 2685 450 2732 non
481 2676 556 2733 tam
579 2661 830 2756 Olynthiormn
847 2665 954 2758 quern
977 2659 1172 2732 Athenien·
1235 2710 1237 2718 ι

127 2760 217 2832 sium
236 2761 384 2832 salutem
401 2761 469 2856 agi.
500 2758 611 2832 Idem.

174 2857 230 2932 lb.
247 2860 270 2930 l.
283 2863 321 2933 4.
342 2865 391 2934 Τι’
407 2858 445 2935 cd
459 2855 603 2958 κωλύοι]
626 2854 1032 2964 Ἐμφατικῶτερονῳιὲιῐι
1050 2857 1079 2928 si
1098 2857 1172 2930 dix-

127 2955 221 3044 isset,
235 2964 270 3034 τί
285 2956 445 3036 κωλύσει·
466 2958 508 3036 sd
522 2957 649 3035 condo
665 2956 823 3058 βαδὶζὲιι,
852 2957 1062 3053 prohibens;
1079 2955 1174 3054 quod

128 3059 310 3154 prohibeat
322 3058 383 3146 ire,
401 3059 591 3155 quominus
608 3067 678 3132 eat.
709 3056 819 3131 Idern.

550 3231 660 3307 Sscr.
682 3231 747 3304 VI.

178 3352 262 3449 Pag.
279 3353 339 3432 97.
356 3355 378 3426 l.
395 3357 430 3429 6.
459 3356 549 3458 ’Apol
571 3389 612 3454 γε
629 3355 804 3458 λογίζεταί
821 3355 883 3448 τις]
925 3354 1089 3426 Narratio
1106 3356 1175 3428 bis·

128 3452 238 3524 torico
263 3477 380 3526 rerum
403 3455 558 3553 Philippi
573 3467 763 3549 gestarum,
782 3457 851 3549 qud
876 3453 1039 3523 credibile
1063 3452 1176 3525 faeere

130 3551 258 3634 studet,
276 3567 462 3626 venturum
478 3581 553 3627 esse
566 3554 768 3650 Philippum
786 3553 822 3623 in
841 3549 1011 3637 Atticam,
1029 3551 1065 3623 id
1081 3554 1177 3649 quod

131 3652 292 3724 socordes
308 3651 544 3726 Athenienses
572 3679 643 3726 non
673 3653 768 3750 prius
803 3650 940 3722 credere
974 3663 1175 3748 potnemnt,

130 3753 238 3846 quim
251 3752 296 3822 nd
313 3750 544 3825 Cbaeroueam
558 3753 641 3826 victi
657 3759 750 3824 sunt.
780 3751 864 3823 Non
879 3763 994 3822 tamen
1013 3749 1049 3822 id
1060 3754 1177 3847 aperte

132 3849 229 3938 dicit,
245 3852 308 3922 sed
323 3852 368 3922 od
382 3853 600 3949 diligentium
617 3865 652 3924 et
678 3850 930 3948 negligentiam
947 3873 1025 3921 eam
1039 3873 1178 3923 accom-

132 3949 278 4021 modat:
306 3951 477 4048 quianon
495 3964 567 4022 trun
587 3950 861 4048 perterrefacere,
888 3953 995 4044 qulnr
1013 3973 1177 4045 experge-

132 4045 261 4218 tacerel,
258 4073 366 4220 alm
384 4075 466 4124 suos
489 4065 646 4138 conatur,
665 4073 858 4147 eorumque
875 4047 1103 4120 offensionem
1121 4073 1178 4121 ca·

135 4160 204 4219 vet.
280 4174 346 4221 em.
