2946 5032
288 370 363 447 stc
405 361 770 447 nsuosrnsms
794 311 1129 446 asinanum
1156 349 1224 442 111.

288 545 458 644 impensis
476 545 633 619 arbitror.
676 543 784 637 Quod
801 544 830 617 si
847 569 928 642 quae
946 543 1089 616 hostiles
1107 539 1351 640 copiae'vene-

287 647 370 730 rint,
393 659 536 744 quantae
558 645 672 718 clades
693 658 797 718 erunt
819 643 1041 718 metuendae!
1085 641 1246 720 Accedetv
1258 667 1347 740 pro·

285 745 438 832 territas,
462 760 565 842 atque
585 746 726 843 insuper
745 743 854 843 ipsius
876 744 924 816 rei
945 743 1105 826 dedecus,
1127 742 1222 839 quod
1240 741 1345 816 nullo

287 845 407 918 minias
424 859 478 916 est
494 844 716 930 detrimento,
736 844 829 920 sanis
846 842 989 942 quidem
1007 841 1225 915 hominibus.

336 943 394 1016 XI
398 999 407 1015 .
430 943 572 1035 Qusnu
586 944 707 1016 omnia
719 945 797 1018 haec
811 943 847 1016 in
860 959 1050 1040 conspectu
1064 942 1243 1028 habentes,
1258 940 1343 1013 uni·

285 1044 374 1116 versi
391 1069 496 1140 opem
513 1043 610 1130 ferte,
629 1057 664 1115 et
680 1044 812 1116 bellum
830 1042 913 1114 illuc
930 1041 1079 1127 amoliri,
1102 1041 1230 1114 debent
1240 1067 1252 1126 ;
1284 1040 1340 1112 di·

284 1141 382 1229 vites,
399 1156 449 1228 ut,
463 1169 527 1242 pro
538 1143 669 1228 multis,
684 1169 764 1241 quae
778 1142 899 1216 Derim
913 1141 1131 1238 benignitate
1145 1139 1337 1238 possident,
1468 1171 1469 1240 r

199 1327 203 1335 Ι
285 1265 396 1339 pauca
417 1244 674 1339 impendentes,
696 1242 827 1340 reliqua
843 1243 963 1315 secure
982 1254 1142 1338 teneant:
1176 1242 1336 1336 juvenes,

285 1355 337 1428 ut,
350 1341 386 1414 in
421 1341 573 1441 Philippi
591 1367 700 1440 regno
718 1345 816 1440 parts
834 1341 985 1415 bellandi
1015 1341 1150 1438 peritii,
1169 1339 1336 1414 lormida-
1468 1333 1469 1388 l

276 1441 370 1513 .biles
393 1440 581 1526 incolumis
602 1442 723 1538 patriae
749 1443 911 1514 custodes
924 1442 1028 1514 fiant:
1055 1454 1223 1525 oratores,
1235 1453 1275 1512 ut
1298 1439 1334 1512 in

282 1539 466 1614 reddendis
477 1540 669 1614 rationibus
682 1541 1022 1614 administrationem
1036 1565 1135 1613 suum
1148 1533 1334 1612 iaciie‘tue·

284 1639 314 1712 ri
331 1642 478 1739 possint.
515 1640 611 1714 Nam
628 1655 668 1714 ut
684 1667 736 1716 eae
754 1667 808 1714 res
825 1655 928 1714 erunt
944 1667 1025 1738 quae
1043 1640 1141 1712 vobis
1160 1639 1331 1723 evenient,

280 1738 389 1815 itaet
411 1765 470 1814 vos
488 1741 531 1814 de
552 1741 638 1814 actis
660 1766 782 1815 eorum
801 1740 1016 1838 judicabitis.
1070 1740 1164 1832 Quae
1192 1739 1328 1812 utinam

281 1839 385 1914 bonta
401 1841 483 1930 sint,
502 1856 538 1914 et
554 1841 670 1914 officio
687 1841 879 1938 fungantur
895 1865 1030 1914 omnes.

332 2001 435 2078 Phili
483 2029 537 2093 us,
553 2031 647 2078 anno
664 2003 740 2077 inse
762 2003 870 2090 ilenti,
893 1999 1089 2102 Olynthum
1102 2001 1205 2101 cepit.
1235 1997 1333 2074 Eam

238 2125 239 2128 ’
272 2103 397 2192 ¹onmia
409 2031 683 2178 &aniensium
694 2031 866 2190 sahsidia,
879 2119 912 2175 et
929 2119 1087 2188 conatus,
1101 2099 1331 2175 idemesticis

279 2203 395 2302 ipsius
406 2203 566 2277 hostibus
578 2204 671 2280 tueri
682 2217 945 2304 nonpoterant:
965 2201 1033 2274 aluo
1044 2202 1135 2274 enim
1145 2199 1330 2298 ejuscioes,

278 2301 525 2403 Mthynates
534 2317 570 2376 et
583 2302 796 2391 Lasthenen,
808 2330 885 2377 eam
887 2300 1136 2402 prodiderunt.
1165 2299 1230 2374 Ita
1243 2299 1329 2373 Phi·

277 2401 306 2474 li
355 2429 409 2490 us,
424 2403 678 2499 largitionibus
690 2403 875 2498 aidfactoi,
890 2402 1055 2474 miseram
1071 2399 1193 2474 urbem
1210 2400 1328 2498 ingre·

277 2429 387 2590 fflr,
401 2500 601 2600 diruitque:
615 2517 759 2600 partem
771 2502 898 2576 civium
910 2501 1075 2574 servituti
1087 2499 1230 2587 addicit,
1238 2526 1328 2600 par·

276 2615 346 2675 tem
365 2601 553 2676 venundat
562 2632 578 2687 ;
606 2627 717 2702 neque
739 2600 843 2674 aliter
865 2601 970 2701 quam
993 2599 1182 2676 crudeliori
1203 2599 1329 2674 mortis

271 2727 405 2801 genere
407 2701 611 2802 proditores
628 2701 650 2775 d
668 2701 800 2776 ceteris
811 2699 1009 2798 distinguit.
1070 2698 1245 2798 Olynthii,
1262 2699 1328 2772 sic·

274 2803 331 2874 uti
332 2804 419 2898 jan
437 2801 697 2891 annotavimus,
717 2800 882 2902 Philippi
907 2800 1187 2898 indignationem
1213 2797 1327 2874 sudle-

274 2915 370 2990 rant,
388 2899 486 3002 quid
499 2901 587 2975 duos
593 2901 743 2999 fratres
760 2902 847 2998 epus,
866 2899 928 3001 qni
938 2897 987 2974 'ea
1004 2901 1115 2973 altera
1132 2899 1326 2997 corp'ugio'*

274 2999 308 3074 ei
321 3015 544 3100 supererant,
555 3026 627 3100 per
641 3001 918 3074 misericordiam
933 3014 1149 3100 receperant.
1184 2997 1325 3073 Eorum

273 3099 416 3187 scilicet,
438 3099 544 3198 quasi
566 3099 839 3196 competitorum,
850 3114 1032 3199 pertaesus
1043 3129 1059 3188 ;
1085 3097 1216 3198 quippe
1239 3123 1325 3198 quos

273 3197 312 3269 in
316 3211 460 3296 partem
473 3197 578 3296 regni
595 3197 821 3272 Macedmtici
833 3198 912 3299 ipsa
929 3199 1179 3299 quodammodo
1192 3214 1323 3272 natura

267 3297 615 3386 'cocareuidebatur,·
642 3319 681 3374 se
685 3324 843 3400 prorsus
855 3299 900 3374 ab
913 3300 959 3372 iis
969 3297 1119 3373 liberare
1128 3297 1322 3385 uoluit,sic·

272 3396 328 3470 uti
344 3397 447 3484 anteri
474 3398 616 3472 tertium
633 3400 675 3474 de
700 3401 811 3474 medio
830 3399 1027 3472 sustulerat
1037 3432 1049 3483 ,-
1077 3413 1183 3498 atque
1199 3397 1252 3472 ita
1268 3399 1320 3472 ‹te-

271 3511 367 3571 mum
394 3498 570 3573 barbaras
596 3499 707 3572 arcini
731 3499 791 3572 sui
816 3497 1035 3597 suspiciones
1060 3497 1319 3597 tranquillavit.

273 3595 400 3694 Igitur
438 3597 634 3697 Olpnthum
666 3597 809 3684 obsidet,
835 3613 1030 3697 enpuguat,
1058 3597 1319 3696 enscinditqae,·

258 3699 408 3796 fratres
427 3697 509 3770 alim
530 3697 703 3771 destinata
725 3697 898 3797 supplicia
919 3697 1041 3785 tradit,
1057 3697 1251 3796 praeliique
1269 3696 1319 3768 in·

266 3795 372 3896 genti
374 3795 514 3898 pariter
524 3812 558 3871 et
561 3797 751 3898 parricidii
760 3812 837 3870 uoto
836 3797 997 3898 fruitur.
1039 3798 1316 3872 Tounnsntus.

324 3999 495 4111 *Amyntas
505 4032 625 4114 Philippi
636 4043 728 4112 pater,
740 4053 774 4094 ex
793 4032 932 4112 Eurydice
940 4044 998 4094 tres
1007 4033 1078 4094 filios
1092 4032 1229 4112 suscepit,
1239 4031 1319 4092 Alex·

268 4111 400 4184 andrum,
414 4111 586 4185 Perdiccam,
599 4124 630 4172 et
648 4111 818 4192 Philippum,
831 4113 998 4192 (Alexandri
1007 4112 1109 4192 Magni
1121 4114 1256 4192 patrem)
1266 4109 1318 4170 hli-

268 4190 608 4336 ppreppparpmliuryonem:
630 4210 666 4252 ex
686 4191 807 4280 cygnea
821 4202 917 4254 srrtern
941 4193 1122 4265 Archelaum,
1137 4189 1315 4263 Archideum,
