2946 5032
371 483 376 496 ,
477 381 810 498 oornrrnncn
837 381 885 456 11.
1134 383 1213 463 297.

137 558 344 654 quodem
361 556 526 630 omnibus
542 558 643 632 nobis
661 558 786 632 melihs
799 571 969 656 ageretur,
985 557 1017 630 ei
1034 559 1094 656 qui
1110 583 1205 634 nunc
1286 527 1290 534 .

138 659 289 756 optimu
321 658 468 732 suaserit
493 683 568 731 esse
597 658 729 730 fraudi:
758 658 959 755 priusquhm
987 673 1106 731 autem
1130 661 1205 734 haec

138 757 215 832 rite
232 773 434 857 comparate
453 757 591 845 luerint,
607 761 838 856 nequaqudm,
851 758 1096 845 Athenienses,
1112 761 1205 858 apud

140 879 211 930 vos
227 883 428 956 quenquam
441 858 551 930 velitis
564 884 639 930 esse
649 872 800 943 tanturn,
812 871 862 943 ut,
879 859 974 931 hisce
987 859 1121 956 legibus
1135 865 1156 934 h
1169 885 1207 934 se

139 957 301 1044 violatis,
316 985 438 1057 poenas
456 984 527 1031 non
545 959 619 1030 det:
639 972 700 1030 sut
712 959 799 1032 aded
816 960 1008 1045 vecordem,
1025 953 1065 1032 ut
1082 960 1118 1032 in
1135 962 1205 1034 evi·

142 1057 390 1134 denumalum
403 1059 632 1155 semetipsum
646 1059 818 1153 conjiciat.

199 1157 267 1232 Vl.
295 1159 403 1250 Quru
423 1155 488 1231 nec
500 1159 587 1230 illud
607 1159 704 1230 vobis
719 1159 953 1256 ignorandum
971 1174 1036 1245 est,
1054 1157 1204 1233 Atheni·

128 1281 266 1352 'enses
282 1261 421 1332 decreta
435 1259 564 1330 nullius
578 1283 653 1330 esse
673 1258 855 1343 momenti,
872 1259 938 1332 nisi
955 1273 990 1331 et
1006 1261 1073 1332 hoc
1089 1285 1204 1334 acces·

141 1359 246 1446 serit,
274 1374 314 1432 ut
331 1384 373 1431 ea
388 1383 469 1456 quoe
485 1359 715 1431 decernantur
736 1385 800 1431 nos
819 1359 979 1448 ,alacriter
992 1358 1102 1433 facere
1128 1375 1202 1434 stu-

144 1459 322 1534 deamus:
352 1479 434 1530 nam
458 1459 488 1531 si
510 1485 589 1532 earn
612 1460 683 1532 vim
709 1460 845 1532 decretu
869 1460 1047 1549 haberent,
1077 1475 1114 1533 ut
1143 1475 1205 1535 aut

145 1583 215 1632 vos
240 1561 285 1632 ad
310 1559 467 1632 officium
493 1558 693 1633 iaciendum
720 1559 939 1657 compellere,
966 1575 1028 1632 sut
1056 1585 1203 1657 eaquae

146 1661 340 1734 continent
356 1659 529 1756 perficere,
548 1673 709 1756 possent3
750 1683 861 1755 neque
878 1683 939 1730 vos
959 1657 1070 1729 nrulta
1086 1659 1204 1732 decer·

148 1761 270 1832 nendo
288 1775 363 1832 tam
382 1783 501 1856 pauca,
521 1758 573 1830 vel
590 1758 677 1829 nihil
695 1758 824 1856 potihs,
841 1757 1062 1830 effecissetis:
1092 1783 1204 1857 neque

148 1857 337 1958 Philippus
350 1873 423 1930 tam
437 1859 499 1930 diu
511 1885 548 1930 se
563 1858 753 1932 insolenter
771 1858 954 1954 gessisset:
980 1861 1203 1954 nequeenim

149 1983 215 2056 per
230 1961 368 2034 decretu
383 1958 527 2056 quidem
551 1958 714 2044 stetisset,
738 1983 809 2054 quo
833 1959 956 2060 minus
968 1958 1066 2058 'olim'
1082 1985 1204 2056 poenas

151 2059 327 2134 dedisset:
355 2059 416 2131 sed
433 2059 510 2132 haec
524 2083 595 2130 non
610 2059 659 2130 ita
670 2083 713 2130 se
737 2059 866 2130 habent
880 2059 892 2130 τ’
922 2058 1076 2133 actiones
1094 2059 1202 2146 enirn,

153 2175 197 2233 ut
213 2159 431 2234 orationibus
448 2173 484 2232 et
506 2158 677 2256 suffragiis
705 2157 828 2230 ordine
854 2151 1072 2255 posteriores,
1100 2159 1150 2232 ita
1171 2161 1208 2232 vi

153 2261 285 2357 priores
307 2273 392 2334 sunt
413 2273 451 2330 et
475 2258 639 2356 potiores.
709 2257 790 2330 Hoc
813 2258 921 2356 igitur
941 2259 1204 2356 adjungendum

152 2377 217 2447 est,
243 2362 378 2459 reliqua
397 2363 528 2455 praesth
544 2372 639 2430 sunt.
693 2355 866 2456 Numqui
885 2359 1074 2456 prudenter
1093 2361 1207 2434 dicere

152 2461 301 2558 possint,
316 2474 399 2533 sunt
416 2460 510 2557 apud
525 2483 597 2544 vos,
615 2457 871 2532 Athenienses:
898 2484 1027 2558 vosque
1043 2463 1206 2536 omniurn

150 2560 345 2638 acutissimi
367 2560 451 2632 estis
464 2561 508 2632 sd
520 2585 563 2632 ea
578 2585 658 2658 quoe
673 2559 838 2635 dicuntur
858 2561 1090 2658 percipienda,
1121 2563 1228 2659 quin·

154 2679 191 2738 et
201 2663 322 2738 eudem
333 2660 459 2758 exequi
472 2685 566 2732 nunc
580 2660 749 2757 poteritis,
764 2660 793 2730 si
806 2663 901 2732 recte
913 2660 1059 2732 iacietis.
1096 2661 1206 2751 Quod

154 2765 251 2838 eninr
269 2777 419 2859 tempos,
438 2784 586 2856 quamve
604 2759 836 2842 occasionem,
863 2756 1111 2843 Athenienses,
1131 2783 1206 2830 rne-

155 2864 279 2936 liorem
297 2864 362 2934 hic
379 2859 558 2958 qoaeritis?
579 2871 640 2930 aut
657 2858 797 2955 quahdo
814 2880 865 2942 ea,
884 2882 964 2953 quae
977 2857 1051 2929 lieri
1064 2857 1204 2944 debent,

157 2964 279 3062 agetis,
307 2963 338 3034 si
356 2985 451 3032 nunc
468 2983 539 3030 non
558 2959 697 3054 agetis?
742 2957 875 3029 Nonne
892 2958 1013 3029 omnic
1029 2958 1126 3030 vobis
1144 2959 1207 3031 ho-

158 3089 217 3138 ruo
230 3063 307 3136 loca
320 3059 525 3159 praeripuit?
552 3057 688 3157 quodsi
701 3073 737 3131 et
750 3060 816 3130 hic
829 3057 1095 3158 territpotietur,
1117 3084 1205 3132 non·

156 3189 201 3238 ne
223 3188 299 3238 rem
327 3161 490 3234 omniurn
517 3160 754 3258 turpissimam
782 3159 1039 3233 admittemus?
1075 3153 1206 3234 Nonne

157 3264 295 3364 quibus,
323 3263 353 3333 si
375 3260 506 3333 bellom
527 3274 696 3356 gererent,
724 3263 865 3331 strenue
888 3287 952 3332 nos
975 3259 1206 3356 opitulaturos

158 3362 441 3462 spospondimus,
462 3360 499 3432 hi
517 3383 611 3431 nuno
628 3357 719 3429 bello
737 3365 924 3452 petuntur?
951 3360 1082 3432 Nonne
1095 3360 1206 3432 hostis

157 3464 233 3537 est?
261 3488 332 3536 non
350 3478 462 3533 vestra
480 3459 604 3532 tenet?
637 3481 706 3528 non
725 3457 916 3527 barbarus?
954 3457 1040 3555 quid
1056 3481 1127 3529 non
1145 3459 1204 3530 de·

158 3564 288 3662 nique?
324 3561 407 3647 Sed,
433 3584 493 3656 per
517 3559 637 3631 Deum
664 3555 910 3641 immortalem,
939 3558 968 3629 si
986 3558 1061 3630 haec
1086 3559 1208 3631 omnia

158 3663 411 3761 reliquerimus,
429 3677 463 3730 et
481 3659 670 3731 sitantum
688 3681 772 3741 non,
790 3656 834 3728 ad
851 3681 892 3728 ea
904 3657 1105 3743 obtinenda,
1121 3683 1203 3756 ope·
1323 3722 1326 3733 .

159 3789 235 3838 ram
267 3759 519 3842 navaverimus‚
558 3771 636 3830 tum
669 3771 806 3830 autores
839 3757 962 3829 harum
996 3783 1112 3830 rerum
1143 3760 1205 3857 qui

159 3863 229 3937 siut
252 3860 479 3961 quaeremus?
510 3859 635 3956 Neque
652 3858 748 3930 enirn
766 3881 830 3929 nos
847 3857 882 3928 in
901 3862 1004 3930 coust
1021 3881 1096 3928 esse
1118 3857 1203 3932 late-

158 3964 297 4038 bimur:
325 3961 409 4034 satis
426 3959 493 4030 hoc
507 3983 574 4055 ego
590 3959 674 4031 scio.
725 3956 821 4029 Nam
837 3970 873 4028 et
890 3958 925 4029 in
945 3956 1027 4028 belli
1043 3959 1203 4052 periculis

158 4062 371 4162 fugientium
390 4084 496 4132 nemo
519 4059 673 4154 seipsum
695 4071 846 4142 accusat,
874 4057 1038 4128 sedtum
1065 4055 1202 4145 ducem,

161 4179 238 4238 turn
262 4161 534 4245 commilitones,
558 4171 594 4230 et
611 4157 750 4256 quosvis
769 4158 902 4254 potihs:
930 4171 971 4230 ut
986 4157 1204 4234 vincerentur

652 4256 721 4330 *ΖΡ
