2902 5044
291 369 300 378 “
396 353 774 431 OLYN'I'HIACAM
800 355 867 430 111.
1091 354 1165 436 257
1248 383 1251 392 ·

131 543 239 629 terque
253 529 494 628 Neoptolemi,
521 533 621 626 cujus
634 544 754 612 natam
767 526 1016 630 Olympiadem
1032 527 1164 630 Philip·

128 655 185 728 pus
199 655 346 704 uxorem
361 631 472 705 duxit.
521 629 671 704 Mortuo
687 631 823 716 Alcaei,
837 632 929 703 inter
941 629 1062 704 fratres
1079 655 1164 702 con·

127 729 230 802 tentio
247 743 324 804 orta
346 744 400 803 est
422 732 465 803 de
492 732 643 830 imperio
667 730 864 805 dividendo.
916 731 1091 828 Arymbas
1104 730 1164 826 jus

125 829 241 927 prioris
255 835 354 904 ortus
364 834 551 918 asserebat,
566 833 644 904 tlrm
655 835 736 906 vero
746 829 847 928 regni
859 829 1168 912 consuetudinem,-

124 928 176 1002 eui
187 955 231 1002 ex
247 929 347 1003 omni
361 931 532 1004 memorii
548 945 694 1004 aetatum
711 956 802 1003 unus
820 930 1069 1004 tantummodb
1084 927 1165 1002 Rex

124 1026 240 1103 aaut.
261 1029 315 1102 Ut
326 1030 445 1117 hodie,
459 1031 509 1105 itb
521 1045 607 1104 tunc
619 1031 739 1117 etiam,
747 1030 899 1104 rationes
912 1027 1163 1128 impotentium

123 1153 214 1202 erma
235 1143 348 1216 erant,
371 1129 566 1230 partimque
578 1145 700 1205 eontra
718 1130 825 1203 densa
846 1129 1001 1203 militurn
1020 1129 1163 1227 agmina

122 1228 285 1310 valebant.
338 1231 596 1329 Neoptolemus
623 1256 660 1304 se
682 1229 918 1329 potentiorem
942 1255 1017 1302 esse
1042 1230 1161 1314 sensit,

122 1328 288 1428 lentisque
298 1329 622 1406 ratiocinationibus
633 1329 780 1404 detineri
793 1330 918 1404 noluit.
962 1328 1170 1427 Praecipuus

121 1428 650 1528 ei,acpotii1sunicus,titulus
676 1443 761 1517 erat,
793 1431 912 1528 generi
932 1430 987 1506 sui
1009 1429 1162 1527 Philippi

121 1529 298 1616 auxilium,
316 1528 377 1628 qui
391 1531 539 1604 minime
556 1530 588 1604 ei
605 1529 729 1614 deluit,
752 1530 857 1627 idque
873 1532 1017 1610 tandem
1033 1529 1161 1615 effecit,
1289 1527 1295 1536 ’

120 1644 167 1715 ot,
185 1628 323 1704 circiter
339 1644 408 1704 tres
425 1656 536 1705 annos
554 1643 636 1704 ante
653 1629 810 1703 habitam
836 1630 929 1700 harre
950 1627 1177 1701 Demosthe·'

119 1729 170 1802 nis
186 1729 397 1821 orationem,
413 1731 589 1828 Arymbas
607 1755 756 1828 regnum
779 1753 884 1802 suum
902 1752 983 1802 cum
1002 1727 1162 1826 Neopto·
1320 1813 1325 1820 ¹

118 1827 208 1903 Ιεωο
225 1829 346 1927 partiri
358 1845 557 1928 cogeretur:
576 1832 676 1928 cujus
688 1823 739 1904 iei
753 1830 892 1903 nullum
909 1829 1162 1926 unquam,jam

119 1926 198 2003 inde
216 1933 239 2004 b
254 1929 427 2028 principio
438 1933 518 2028 ¹ejus
536 1931 673 2030 imperii
701 1935 723 2006 b
738 1929 881 2026 Pyrrho,
908 1929 1058 2002 Achillis
1075 1928 1168 2018 filio,-

119 2026 264 2116 loudati,
282 2031 484 2130 exemplum
500 2031 672 2104 extiterat.
714 2031 871 2104 Primam
888 2030 979 2102 hano
996 2026 1162 2125 injuriam

117 2129 250 2225 gravior
266 2130 426 2204 insecuta
442 2144 507 2204 est
547 2131 695 2204 Mortuo
712 2129 808 2204 enim
825 2131 984 2227 Arymbri
1001 2127 1171 2226 [Olymp.’
1272 2175 1283 2186 -

118 2250 194 2302 crx.
214 2255 299 2302 nnn.
320 2230 380 2326 3.]‚
398 2242 471 2304 tam
502 2232 592 2304 bene
617 2230 780 2329 Philippo
807 2237 999 2304 successere
1016 2230 1090 2324 ejus
1107 2228 1160 2300 vel

118 2328 222 2404 minae
235 2330 291 2403 vel
302 2330 474 2417 versutiae,
487 2345 529 2404 ut
541 2329 693 2404 Molossi
710 2329 896 2418 AEaciden,
910 2329 1079 2428 Arymbae
1096 2329 1162 2402 lili·

116 2455 238 2518 nm,ac
248 2429 449 2528 legitimum
462 2431 652 2518 haeredem,
667 2432 845 2530 pellerent,
859 2443 896 2504 et
908 2429 1162 2518 Alexandrum,

114 2529 225 2604 fllium
233 2527 482 2628 Neoptolemi,
499 2529 608 2604 totius
625 2531 724 2703 lillpiri
741 2533 857 2605 solum
883 2556 1003 2628 regem
1029 2533 1160 2605 consti·

116 2644 265 2706 merent.
314 2630 480 2705 Justinus
494 2631 532 2704 in
550 2634 615 2705 suri
665 2632 740 2730 rogi
752 2631 920 2730 Epitome
932 2632 1024 2708 hano
1035 2655 1162 2727 genea-

116 2729 244 2828 logium
276 2730 428 2818 mutilat,
455 2755 497 2803 ae
530 2728 655 2803 seriem
678 2729 885 2802 confundite
912 2754 992 2826 quae
1018 2729 1162 2826 quidem

7 2861 12 2880 ¹
116 2831 215 2929 culpo
228 2830 401 2929 plerisque
412 2827 707 2904 abbmriatoribus
720 2827 920 2902 communis
932 2843 997 2914 est,
1008 2828 1069 2926 qui
1082 2853 1164 2926 pro·

115 2928 266 3019 tamur
278 2930 454 3028 ignaviam
467 2929 660 3016 sublevent,
674 2928 909 3028 ignorantiam
924 2927 1036 3001 alunt.
1053 2927 1162 3002 Alex·

114 3031 231 3117 ander,
245 3031 379 3127 primus
404 3028 632 3130 Neoptolemi
646 3025 794 3129 'antiqui
810 3029 914 3117 tilius,
940 3025 1164 3129 Philippique

116 3155 184 3204 oon
201 3129 320 3204 solim
337 3126 454 3204 uxoris
472 3130 586 3219 frater,
600 3129 662 3204 sed
678 3155 787 3230 gener
802 3130 910 3204 etiam
921 3131 1020 3228 cnjus
1034 3133 1163 3231 nempe

115 3243 233 3304 natam
251 3228 475 3328 Cleopatram
492 3254 638 3305 uxorem
655 3230 765 3318 duxit,
785 3230 897 3303 ltaliae
915 3231 1048 3304 bellurn
1066 3231 1162 3304 into·

113 3330 164 3418 lit,
177 3331 300 3428 ibique
315 3327 410 3403 diem
425 3329 515 3404 obiit
529 3353 745 3428 supremum.
787 3328 873 3400 Post
884 3352 967 3399 eum
984 3329 1161 3416 AEacides,

113 3431 155 3502 ad
172 3431 348 3526 urniorum
366 3428 495 3504 solium
511 3441 663 3515 evectus,
682 3427 718 3500 in
734 3426 843 3525 Epiro
871 3426 966 3522 solus
992 3428 1161 3524 regnavit,

114 3553 333 3628 regnumque
355 3529 429 3602 lilio
445 3555 510 3603 suo
526 3526 678 3627 reliquit,
707 3527 840 3626 Pyrrho
867 3524 917 3598 illi
945 3525 982 3599 iu
1002 3525 1164 3600 Historii

114 3627 369 3702 Romaniano
386 3627 525 3716 celebri,
544 3626 734 3726 magnique
752 3626 941 3701 Alexandri
959 3625 1102 3700 sobrino
1119 3629 1164 3700 ab

113 3727 244 3802 Atoett
272 3729 456 3803 communi
485 3728 643 3826 ipsorum
666 3753 806 3825 proavo.
835 3724 1000 3800 Peucen.
1026 3726 1063 3799 in
1081 3726 1162 3802 Aa.
1255 3777 1257 3784 ι

116 3825 218 3901 Prae.
234 3828 270 3900 in
289 3828 385 3926 Pyrr.
404 3827 515 3901 Diod.
532 3829 556 3900 l.
573 3826 642 3900 xvi.
694 3825 914 3900 Tourrellus.

161 3927 203 3999 P.
220 3927 282 4001 98.
302 3929 327 4001 Ι.
343 3927 380 4008 7.
401 3930 451 4006 Ti
466 3930 516 4014 tir,
535 3925 575 4006 riv
591 3959 639 4014 τις
655 3926 756 4023 ri'rror]
785 3923 1027 4030 Ἀνθυποφορᾶ.
1068 3925 1164 4000 Con-

114 4027 208 4102 ciliat
224 4040 345 4103 autem
362 4031 438 4102 lraeo
468 4026 696 4122 interrogatio
718 4041 754 4102 et
782 4026 931 4104 orationi
948 4025 1175 4112 varietatem„

615 4121 693 4200 21<
