2902 5044
289 345 363 422 218
688 343 844 420 NOTAE
868 344 924 420 IN

338 517 381 594 P.
401 520 463 594 65.
482 519 541 592 ll
560 521 647 591 eto.
700 517 792 598 Οὕτὲ
808 520 983 608 Φίλιππος
1006 516 1127 622 {lippet
1152 514 1270 606 τέτες,
1288 512 1342 594 ἔθ’

290 619 364 698 §voe
379 621 565 716 Φίλιππον]
583 618 622 694 Si
638 617 843 694 divinationi
861 618 962 694 venia
977 619 1128 704 daretur,
1145 617 1342 716 suspicarer

290 721 491 818 legendum,
502 715 561 796 ἔτε
573 726 747 808 Φίλιππος
756 715 1005 821 ἔθᾶῤῥειτέτοις,
1014 719 1065 794 ἔθ’
1075 714 1339 819 ἕτοιψιλῖππῳ·

290 821 400 905 idest,
415 834 451 893 et
462 817 645 920 Philippus
656 816 847 915 Olynthiis,
862 835 897 892 et
908 817 1070 918 Olynthii
1084 817 1260 916 Philippo,
1273 816 1339 894 dif-

290 923 457 994 fidebant.
497 919 593 993 Num
610 920 821 1020 sinumque
837 919 1024 994 hostilibus
1041 917 1170 992 animis
1182 917 1336 1003 fuerunt,

290 1033 417 1094 mutuo
432 1035 529 1095 metu
543 1023 587 1095 ab
599 1020 780 1096 inferendo
794 1020 885 1094 bello
898 1019 1052 1094 deterriti
1060 1045 1070 1103 ;
1087 1021 1149 1116 qui
1162 1017 1337 1103 convenit,

289 1118 505 1220 Philippum,
523 1148 613 1221 quos
630 1121 723 1194 solos
739 1121 901 1194 invadere
917 1145 989 1192 non
1007 1143 1113 1194 susus
1130 1116 1210 1204 fuit,
1225 1116 1338 1192 Athe·

289 1220 466 1294 niensium
479 1223 644 1297 societate
654 1217 717 1293 sut
725 1220 880 1294 amicitii
890 1222 983 1292 certe
993 1233 1125 1304 suetos,
1133 1242 1339 1316 oppugnare

289 1318 553 1396 fuisseausum?
570 1319 640 1395 Sed
652 1321 793 1420 quisvis
804 1319 985 1394 tritissima
993 1317 1181 1404 tutissima,
1190 1317 1338 1390 retines·

291 1444 372 1494 mus
384 1421 490 1519 vulgo
502 1435 677 1519 receptam
694 1421 894 1507 lectionem,
909 1421 976 1494 &o
1002 1415 1167 1513 Wlstos.
1182 1415 1337 1514 [Omnes

289 1519 394 1617 hujus
410 1521 479 1594 loci
494 1521 700 1620 interpretes
718 1547 791 1595 nno
804 1547 863 1595 ore
880 1521 917 1594 in
934 1545 1015 1594 eum
1032 1541 1174 1593 sensum
1190 1541 1339 1592 consen·

289 1620 393 1709 tiunt,
401 1647 506 1718 quem
514 1618 953 1720 Wolfiusslienumputst:
966 1611 1339 1719 omniaque,quoequi·

291 1722 372 1794 dem
390 1721 472 1809 vidi,
490 1723 702 1821 exemplaria
718 1721 822 1812 τέτες
837 1735 874 1796 et
890 1721 1063 1799 Φίλιππον
1075 1719 1256 1796 exhibent.
1281 1717 1339 1792 De

289 1821 440 1896 lectione
450 1847 606 1921 pugnare
616 1823 726 1896 nolim
739 1849 749 1909 ;
771 1823 815 1894 de
825 1847 929 1896 sensu
940 1820 1019 1906 loci,
1033 1819 1338 1917 persuasissimum

158 2001 163 2012 ³
288 1945 347 1994 me
357 1922 481 2009 habeo,
495 1947 578 1995 eum
592 1924 635 1996 de
648 1927 774 2012 mutui
785 1921 939 2020 Philippi
952 1933 987 1995 et
999 1918 1255 2018 Olynthiorum
1272 1917 1339 1994 dil·

287 2022 432 2098 fidentis
443 2023 713 2123 intelligendum
723 2029 812 2112 esse,
819 2047 891 2096 non
902 2022 946 2095 de
956 2019 1097 2120 paribus
1109 2033 1340 2117 utrorumque

285 2121 428 2210 viribus,
455 2125 543 2199 odeo
559 2137 600 2198 ut
617 2150 731 2224 neque
750 2122 932 2222 Philippus
950 2119 1151 2219 Olynthios,
1169 2141 1285 2218 neque
1301 2116 1339 2192 hi

286 2220 491 2323 Philippum
508 2226 651 2324 aggredi
667 2226 846 2299 auderent.
905 2224 936 2296 l.
955 2219 1015 2296 Ob
1032 2219 1148 2318 ipsam
1162 2219 1339 2296 rationem

287 2345 394 2419 quum
406 2322 695 2419 Wolsiusattulit
703 2350 853 2423 quaeque
862 2323 957 2398 haud
967 2321 1130 2421 equidem
1140 2319 1243 2394 video
1253 2327 1342 2417 quo·

287 2421 396 2495 modo
406 2423 493 2496 dilui
506 2425 625 2522 possit.
654 2428 686 2497 2.
700 2426 881 2518 Quoniam
895 2425 965 2497 isto
977 2436 1134 2520 tempore
1146 2420 1216 2496 hoc
1228 2419 1339 2494 modo

286 2545 386 2595 seres
396 2523 608 2598 habuerunt.
634 2524 797 2623 Olynthii
808 2524 894 2598 socii
903 2519 1340 2619 erantPhilippi,cumque

286 2646 328 2694 eo
338 2639 460 2699 eontra
471 2625 708 2700 Athenienses
722 2627 940 2725 pugnabant.
965 2623 1094 2699 Postea
1102 2629 1186 2696 euin
1197 2645 1340 2719 suspee-

286 2736 365 2798 tum
378 2725 507 2801 habere
518 2741 712 2825 ooeperunt,
723 2729 807 2800 ohm
818 2726 912 2824 quod
922 2725 1070 2800 celerem
1081 2724 1156 2821 ejus
1169 2720 1341 2820 potentiss

287 2827 598 2923 amplificationem
615 2842 651 2901 et
667 2853 846 2926 magnam,
866 2826 943 2900 mm
961 2825 1055 2922 quod
1079 2836 1237 2896 mentem
1261 2824 1338 2916 ejus

288 2924 434 2998 infidam
442 2951 482 2999 so
488 2926 743 3014 fallacemesse
749 2927 995 3026 perspicerent.
1009 2922 1340 3023 Itaquechmlonge

287 3022 388 3095 illum
406 3030 525 3097 abesse
544 3027 712 3114 viderent,
737 3027 854 3099 missis
877 3025 1037 3098 Athenas
1060 3022 1196 3120 legatis,
1213 3035 1340 3096 eontra

285 3121 466 3222 pactiones
483 3149 565 3198 eum
584 3125 749 3224 Philippo
774 3125 890 3211 initas,
918 3125 1105 3221 separatim
1122 3145 1204 3196 oum
1222 3121 1338 3196 Athe·

287 3220 466 3304 niensibus
484 3250 606 3324 paoem
621 3226 738 3301 iniere.
792 3225 926 3302 Contrh
940 3224 1134 3322 Philippus,
1150 3222 1230 3325 (qui
1243 3225 1340 3294 certe

286 3322 353 3398 hoo
364 3323 480 3423 ipsum
493 3351 563 3399 non
576 3322 1339 3428 suspicari,ideoqueOlynthiorumsocietati

284 3427 408 3522 purim
419 3427 605 3514 confidere,
618 3453 689 3501 non
702 3428 865 3526 poterat)
878 3426 962 3500 siun
972 3426 1080 3522 longo
1088 3426 1163 3520 jam
1175 3437 1337 3520 tempore

284 3523 504 3600 occasionem
513 3553 574 3600 eos
587 3528 775 3602 invadendi
783 3528 852 3602 sibi
865 3533 1007 3624 cuperet
1019 3523 1149 3598 offerri:
1168 3536 1336 3598 tumeam

283 3641 419 3714 nactus,
430 3630 524 3727 quod
535 3627 615 3700 belli
627 3629 807 3727 pactiones
817 3628 1015 3711 violissent
1027 3638 1156 3699 etcum
1166 3625 1243 3720 ejus
1253 3623 1336 3704 hos·

283 3726 378 3799 tibus
393 3729 586 3803 amicitiam
604 3728 734 3802 foedsre
753 3728 965 3815 sanxissent,
982 3725 1113 3800 bellum
1131 3724 1182 3800 eis
1200 3723 1337 3798 intulit·

285 3823 420 3902 Lihun.
432 3828 469 3900 in
478 3829 566 3926 Arg.
578 3828 624 3903 sd
636 3828 786 3927 Olynth.
814 3827 989 3928 liquidem
1003 3823 1337 3900 eredoDemosthe·

159 3925 163 3932 ’
284 3951 378 4016 nem,
393 3928 607 4002 Hebnismo
621 3929 680 4002 hle
693 3955 810 4016 usum,
830 3939 995 4003 neutrum
1014 3953 1077 4027 pm
1094 3926 1210 4000 activo
1226 3949 1335 4023 posu·

281 4026 370 4116 isse3
397 4027 491 4203 guod
509 4030 681 4104 tamenin
700 4033 805 4105 verbo
822 4027 953 4134 θαῤῥὲω
976 4028 1070 4102 haud
1093 4025 1178 4100 alibi
1197 4025 1333 4100 laetum

282 4128 364 4202 vidi.
431 4131 441 4204 i
458 4130 557 4205 aliter
574 4130 686 4203 doctis
703 4132 816 4205 visum
836 4129 950 4216 luerit,
969 4127 1086 4228 potihs
1101 4139 1224 4206 contra
1235 4125 1334 4200 eodi-
