2870 5044
294 295 327 366 iv
668 291 961 372 DEDICATIO.

296 443 482 540 tionibus,
512 473 581 552 pro
604 444 731 554 patria
760 473 829 556 pro
858 443 1059 526 libertate
1070 443 1229 544 habitis,
1260 461 1343 526 tam

295 555 448 637 facile
439 555 648 638 arrisurum
683 575 869 664 speraret,
907 557 1023 666 quam
1058 556 1167 637 illum
1203 557 1345 651 virum,

297 668 378 776 qui,
397 667 590 747 indefessa
607 667 757 748 dudtm
788 667 1004 794 vigilantia,
1031 698 1077 750 ac
1098 668 1345 763 fortitudine,

297 778 541 948 sanctisspma
557 777 670 859 liberi
690 779 867 889 populi
850 811 943 888 Jora
963 801 1003 862 et
1032 797 1183 863 tutatus
1199 799 1274 876 est,
1304 799 1348 860 et

299 906 469 970 tutatur.

353 1117 424 1195 An
452 1131 491 1192 te
519 1113 653 1222 igitur,
683 1113 1190 1209 V1nlnuusuu1ss1nu,
1219 1114 1346 1195 conti-

298 1223 377 1305 nuo
423 1223 597 1320 advolat,
637 1253 764 1333 neque
812 1225 886 1306 tibi
930 1226 953 1304 a
1000 1227 1142 1306 teneris
1186 1224 1346 1334 ignotus

296 1335 450 1442 hospes,
494 1365 566 1418 nec
594 1337 660 1418 tui‘
688 1336 809 1418 faudo
849 1337 1018 1418 nominis
1054 1339 1238 1447 ignarus;
1288 1337 1347 1418 fa·

298 1475 429 1526 vorem
460 1447 534 1527 sibi
565 1465 676 1529 tuum
708 1479 754 1529 ac
789 1448 1102 1538 benevolentiam
1137 1447 1347 1558 pollicitus,

298 1587 375 1638 non
410 1559 530 1640 modo
566 1591 613 1640 ex
649 1559 838 1670 singulari
874 1560 951 1642 iste
978 1560 1236 1686 humanitate,
1248 1565 1348 1687 'qua

298 1689 337 1750 te
359 1669 510 1752 facilem
535 1671 636 1753 ultro
667 1673 818 1781 praebes
850 1672 1051 1798 universis,
1080 1692 1121 1752 et
1149 1671 1259 1782 quasi
1288 1673 1348 1752 in·

299 1781 398 1862 vitas
428 1782 641 1875 adeuntes;
672 1784 819 1865 sedes
854 1783 954 1864 mira
984 1785 1104 1865 etiam
1134 1785 1347 1879 intervos,

297 1909 384 2084 tupi
404 1892 565 2004 ingenii,
591 1915 676 1977 tum
699 1924 852 1976 morum
871 1895 1182 2005 studiorumque,
1212 1893 1346 1978 simili·

300 2023 342 2086 tu
374 2035 449 2086 lne.

354 2230 474 2310 QUIS
492 2228 595 2307 enim
619 2258 694 2306 non
711 2230 831 2322 videt,
848 2229 885 2308 in
902 2231 1100 2324 omnibus,
1116 2257 1202 2335 quae
1224 2226 1282 2305 vel
1295 2227 1345 2305 ad

299 2340 514 2447 perfectum
536 2355 732 2418 oratorem
756 2339 1018 2462 requiruntur,
1042 2337 1099 2417 vel
1121 2335 1344 2445 reipublicae

299 2448 655 2528 administratorem
691 2449 842 2528 civibus
873 2449 951 2528 suis
989 2478 1121 2530 carum
1163 2448 1348 2542 reddunt,

300 2578 379 2640 tam
401 2588 484 2638 esse
505 2576 690 2685 utrosque
708 2559 942 2668 cognatione
962 2561 1132 2686 quatiam
1156 2559 1350 2702 'conjunc-

300 2689 372 2765 tos,
403 2669 559 2780 quam
551 2700 590 2750 1n
622 2669 719 2765 aliis,
753 2701 840 2781 quae
869 2671 1067 2753 criminari
1100 2675 1187 2781 quis
1216 2669 1348 2752 lorsan

300 2782 439 2893 possit,
458 2781 605 2864 alienos
619 2782 773 2892 prorsus
786 2813 868 2864 esse
887 2813 933 2864 ac
950 2783 1184 2864 dissimiles?
1214 2783 1273 2863 lta
1291 2799 1349 2862 ta-

300 2923 405 2991 men,
437 2911 492 2988 ut,
524 2895 555 2974 si
574 2896 815 3002 comparatio
848 2895 1087 2991 instituatur,
1120 2895 1242 2976 multa
1271 2894 1351 2974 sint

298 3005 409 3085 alteri
446 3009 617 3114 proptia,
651 3035 738 3114 quae
773 3007 812 3084 in
844 3005 966 3086 altero
1000 3007 1141 3088 frustra
1175 3033 1348 3116 quaeras3

299 3115 533 3223 uberiorque
550 3115 660 3195 nobis
681 3117 730 3196 de
752 3134 898 3214 nostro,
916 3118 1034 3244 quam
1065 3118 1115 3200 de
1135 3147 1205 3196 suo
1225 3117 1349 3198 Athe·

189 3268 194 3272 ·
262 3301 269 3310 .
299 3226 511 3335 mensibus,
531 3225 726 3338 gloriandi
747 3227 911 3310 materia
933 3227 1188 3311 ministretur.

326 3444 579 3532 S1enim
538 3395 619 3533 vel
653 3449 886 3564 eloquentiae
918 3469 1116 3562 spectetur
1140 3452 1242 3544 laus,
1263 3449 1350 3558 quis

282 3563 461 3660 Nostro,
480 3564 540 3643 vel
576 3582 724 3645 naturae
760 3565 935 3658 dotibus,
972 3564 1032 3642 vel
1062 3564 1186 3642 doct
1142 3581 1251 3642 ttlnae
1281 3563 1349 3638 ad·

291 3673 519 3788 jumentis,
524 3674 753 3754 instructior
780 3675 831 3751 ad
862 3671 1106 3754 dicendum?
1157 3669 1255 3752 Quis
1277 3689 1350 3765 tot,

298 3785 432 3894 solus,
435 3814 481 3863 ac
506 3799 629 3876 tanta,
649 3784 690 3862 in
715 3775 821 3860 omni
846 3811 972 3860 rerum
1007 3780 1251 3886 politicarum
1277 3811 1350 3911 ge·

296 3925 401 3992 nere,
432 3892 615 3975 sustinuit
629 3889 823 4016 negotia?
872 3889 949 3971 Cui
968 3920 1150 3999 unquam
1182 3891 1351 4018 contigit

299 4027 379 4114 tam
409 4005 500 4091 felix
532 4003 811 4088 sententiarum
848 4013 894 4082 ac
927 4004 1134 4086 verborum
1167 4033 1278 4130 copia
1309 4024 1349 4086 et
