2902 5044
299 365 374 438 rso
405 315 413 336 ’
699 364 855 443 nora
879 367 935 442 nr

299 539 527 637 appellantur
554 538 626 613 Eos
643 538 754 613 Mons
765 539 961 639 Scodrps
935 565 1005 614 srve
1016 539 1177 628 Scordus,
1192 555 1229 615 et
1246 543 1351 616 Drilo

299 637 444 725 flumen,
472 638 734 714 hMacedonih
760 665 877 714 versus
907 642 1090 728 orientem,
1127 645 1350 740 separabant.

300 737 410 810 Anno
426 765 496 836 quo
513 737 718 837 Philippus
708 741 895 857 imperium
915 741 1089 837 ingressus
1103 755 1156 812 est
1157 767 1351 838 ,magnam

300 836 323 908 ir
314 837 385 909 de
397 837 599 910 Perdicca
571 863 643 933 ejus
657 837 760 910 fratre
772 840 952 912 victoriam
967 843 1198 935 τεροηὲιωῃι,
1213 842 1349 938 plures·

299 961 368 1034 que
399 938 473 1032 ejus
506 937 649 1010 ditionis
676 939 779 1011 urbes
806 949 936 1037 cepere
987 939 1170 1036 Philippus
1189 941 1347 1012 secundo

301 1036 400 1130 regni
417 1036 471 1108 sui
488 1061 581 1108 anno
594 1036 734 1109 fratrem
752 1038 871 1110 ulcisci
886 1038 1005 1124 voluit,
1020 1063 1167 1135 quaeque
1181 1039 1349 1112 amiserat

298 1132 479 1209 Perdiccas
490 1160 698 1233 recuperare.
749 1136 871 1234 Itaque
890 1163 999 1210 novus
1016 1137 1095 1210 Rex
1111 1137 1227 1210 decies
1247 1138 1345 1210 mille

300 1235 445 1330 pedites,
460 1236 592 1333 equites
610 1249 728 1309 autern
756 1251 948 1317 sexcentos,
972 1238 1007 1308 in
1033 1236 1244 1333 Illyridem
1234 1253 1347 1310 rutro·

301 1333 406 1406 ducit
423 1335 507 1427 Quo
520 1335 639 1406 audito
642 1336 832 1430 ,Bardylis,
848 1336 925 1406 Rex
944 1335 1152 1431 Illyriorum,
1169 1337 1346 1408 missisle·

298 1433 401 1529 gatis,
421 1459 542 1531 pacem
552 1433 715 1531 Philippo
728 1434 840 1519 offert,
852 1459 892 1506 ea
875 1434 1133 1531 scilicetlege,
1147 1449 1345 1534 ututerque

300 1557 380 1629 quae
397 1533 499 1604 loca
490 1558 526 1604 rn
545 1547 716 1630 potestate
734 1547 819 1605 tunc
836 1533 979 1606 haberet
996 1535 1200 1606 retineret.
1194 1527 1346 1631 Philip-

300 1656 380 1729 pus,
397 1632 530 1705 oblatis
542 1632 803 1706 conditionibus
822 1633 909 1704 nihil
927 1647 1057 1718 motus,
1077 1653 1199 1730 pacem
1224 1647 1343 1705 tamen

300 1756 370 1804 non
389 1733 528 1848 penitus
546 1733 673 1827 rejecit,
694 1718 848 1805 sedeam
876 1733 927 1805 ita
952 1758 988 1804 se
1003 1736 1153 1830 recipere
1168 1732 1300 1804 velle
1273 1757 1342 1829 sig-

297 1831 462 1948 nificavit,
481 1857 510 1902 sr
500 1831 634 1927 'Illyrii
651 1856 774 1904 omnes
790 1857 875 1927 quos
892 1832 930 1904 in
947 1832 1159 1904 Macedonici
1175 1833 1344 1904 tenebant

299 1931 447 2002 urbes'
416 1957 449 2002 er
467 1931 699 2004 restituerent.
726 1929 887 2002 Reversis
901 1929 1032 2003 infecto
1045 1931 1189 2027 negotio
1206 1931 1341 2028 legatis,

299 2028 457 2126 Bardylis
474 2030 511 2102 in
537 2055 702 2128 campum
720 2031 909 2102 exercitum
927 2031 1055 2116 educit,
1080 2033 1241 2102 conserat
1267 2029 1341 2102 acie

167 2159 177 2174 ·
297 2130 514 2229 profligatur,
533 2155 615 2202 curn
633 2131 729 2204 clade
747 2144 881 2246 septem
897 2130 993 2202 mille
1018 2130 1245 2215 hominurn,
1236 2155 1343 2227 ipsas·

297 2255 365 2328 que
382 2230 533 2328 denique
561 2241 705 2303 coactus
729 2229 864 2327 accipit,
893 2255 979 2326 quas
1005 2229 1139 2302 oblatas
1166 2231 1340 2325 rejecerat,

297 2330 525 2402 conditiones.
545 2329 659 2401 Diod.
674 2330 748 2426 [lib.
766 2325 855 2428 xvi]
886 2329 991 2400 Oros
1010 2329 1071 2401 l.'
1048 2329 1098 2400 ni.
1117 2329 1209 2400 emit
1234 2327 1340 2401 Just.

191 2482 195 2490 .
296 2427 1140 2502 1.vi1.'os-Tourrell.1

345 2527 387 2600 Ρ.
403 2528 462 2601 98.
481 2529 554 2600 Ι..5
589 2534 659 2606 Kal
688 2530 847 2624 Παίονας]
885 2528 1045 2603 Paeones
1063 2530 1169 2602 iidem
1188 2541 1273 2600 sunt
1302 2551 1342 2600 ac

296 2627 470 2701 Pannonii
471 2628 588 2727 ,quod
604 2653 647 2701 ex
659 2629 815 2726 pluribus
828 2630 1028 2702 auctoribus
1044 2627 1147 2701 facile
1165 2630 1340 2725 probatur,

296 2742 401 2826 atque
416 2755 459 2802 ex
476 2730 544 2802 hoc
560 2729 667 2802 etiam
692 2729 770 2800 loco
788 2731 1036 2814 confirmatum
1062 2728 1222 2826 quamvis
1241 2727 1341 2800 aliter

296 2829 424 2902 sentiat
440 2829 512 2903 Dio
530 2827 673 2902 Cassius
690 2828 752 2901 lib.
766 2828 849 2900 xlix.
901 2827 1082 2901 Zonaras.
1111 2830 1160 2903 Οἱ
1176 2824 1340 2904 Harudum
1445 2837 1446 2851 ¹

298 2925 441 3050 ripaltae
453 2963 511 3029 μεν
522 2965 605 3056 προς
621 2965 661 3031 ap
646 2930 885 3056 Aahpsuplpa·
901 2962 971 3030 arcp
972 2923 1196 3006 ’edrich‘
1128 2959 1209 3004 τον
1227 2923 1341 3056 '15de

295 3063 365 3106 arro
357 3026 578 3154 priuu'
535 3062 646 3157 μεχρι
655 3062 711 3114 της
728 3027 756 3102 ἔν
773 3027 864 3127 Euip'
805 3061 912 3144 pomp
928 3025 1080 3118 Μησῖας,
1098 3060 1131 3103 κ
1134 3044 1200 3102 rma
1220 3009 1341 3150 πρδςδε

295 3159 336 3244 cp
319 3125 487 3256 ‘Polo'rrp
501 3131 561 3202 nal
576 3123 666 3221 wpdf
678 3125 762 3229 αὐτῇ
780 3160 822 3232 ru
805 3125 1088 3228 Μακεδονίᾳ
1048 3161 1085 3205 το
1104 3131 1167 3202 τῶν
1194 3125 1341 3202 Παιόνων
1444 3203 1445 3212 ,

295 3197 408 3313 i‘lvoe’
393 3228 455 3304 esi
489 3225 684 3323 Philippus,
703 3250 796 3299 anno
813 3250 911 3322 regni
900 3205 1093 3312 secuirdo,
1118 3223 1210 3296 bello
1228 3224 1337 3296 Athe·

295 3324 471 3399 niensium
496 3325 671 3413 liberatae,
690 3326 772 3398 chrn
790 3324 900 3421 Agim
926 3281 1099 3397 Paeonurri
1126 3349 1248 3418 regem
1267 3322 1336 3396 tato

294 3427 506 3507 concessisse
522 3426 667 3510 audiret,
686 3427 911 3498 commodam
925 3423 991 3495 sibi
1008 3425 1154 3497 Paeonas
1171 3422 1335 3496 invaden-

295 3526 355 3598 di
347 3524 576 3598 occasionem
609 3525 763 3598 oblatam
792 3522 1012 3597 existimavit.
1065 3521 1159 3596 Cum
1186 3521 1336 3596 exercitu
1443 3533 1444 3548 ¹

294 3622 611 3721 rgrturPaeonrarn
601 3647 815 3719 ingressus
800 3622 971 3694 Barbaros
982 3647 1056 3694 acre
1072 3621 1165 3706 vicit,
1181 3635 1337 3718 gentem·

293 3749 361 3822 que
373 3722 537 3819 deinceps
554 3745 671 3819 parere
683 3720 939 3800 Macedonibus
956 3722 1082 3817 coe'git.
1109 3720 1196 3794 Post
1212 3720 1282 3792 hoc
1295 3717 1335 3790 ad

293 3822 441 3923 Illyrios,
469 3820 529 3917 qui
556 3821 698 3918 quidem
721 3819 914 3894 Pannoniae
943 3821 1133 3916 subjacent,
1162 3819 1335 3916 profectus
1442 3855 1443 3890 f

293 3936 358 3996 est.
387 3917 500 3994 Diod
520 3921 580 3992 lib.
594 3919 663 3992 xvi.
1442 3893 1443 3951 l

343 4015 837 4145 Ib.l.6.11p05’Apu'pssar]
892 4018 1079 4113 Arymbas,
1098 4018 1170 4090 sive
1186 4013 1332 4112 Arybas,

293 4119 429 4195 Alcetae
442 4118 695 4206 Molossorum,
715 4120 785 4198 sive
801 4118 913 4215 Epiri,
929 4117 1039 4216 Regis
1056 4117 1148 4190 filius
1172 4127 1257 4201 erat,
1272 4111 1333 4186 lra-
