2896 5054
454 370 778 452 PHIHPPICAM
805 373 833 458 Ι.
1093 373 1164 452 143

156 547 200 624 Ρ.
221 548 277 624 18.
306 549 330 624 1.
347 547 408 624 20.
430 545 656 650 ,Ταξιάρχεᾴ
687 545 1025 628 Taxiarchideaiex
1039 545 1161 649 singu-

110 649 151 724 lis
170 649 334 726 tribubus
351 648 506 727 futrum.
559 649 701 725 Horum
725 666 843 728 autern
860 652 1053 749 'negotium
1081 651 1161 738 ruit,

111 764 150 823 ut
170 751 315 828 ordines
340 750 508 826 militares
532 750 756 841 instruerent,
783 752 923 827 Pedites
939 753 976 824 ia
995 752 1158 850 praeli'urn

112 852 307 938 mitterent,
334 851 540 950 iisdemque,
559 856 630 950 qud
642 853 692 926 ire
704 866 744 926 et
771 879 832 950 per
844 865 935 951 quot
950 854 1024 934 dies
1041 854 1161 926 cibum

111 977 233 1048 parare
249 966 438 1052 oporteret,
465 977 527 1050 per
540 977 740 1051 praeconem
766 953 1029 1040 denuntiarent,
1057 968 1104 1039 et,
1131 949 1163 1025 ai

110 1051 246 1139 liberet,
266 1053 418 1128 militem
436 1079 478 1126 err
492 1066 707 1128 armatorum
725 1053 897 1152 Gatalogo
913 1055 1080 1127 delerent.
1101 1053 1161 1127 Si·

110 1178 199 1250 gon.
215 1154 277 1230 lib.
289 1153 335 1224 iv.
351 1179 428 1251 cap.
441 1155 478 1228 5.
497 1154 543 1228 de
558 1153 649 1254 Rep.
669 1154 757 1232 Ath.
929 1177 935 1186 ·
1151 1155 1155 1160 ’

164 1253 218 1328 lb.
237 1255 261 1328 l.
278 1255 328 1326 20
341 1269 377 1326 et
394 1253 453 1329 21.
484 1255 700 1354 erurnptif]
729 1259 917 1359 Στρατηγοὶ
948 1253 1162 1352 (Pramus)

116 1354 197 1428 deni
213 1354 309 1430 fuere
326 1379 369 1428 ex
385 1355 546 1428 tribubus
572 1355 719 1454 singulis
748 1357 891 1454 singuli,
916 1356 1095 1455 bpopulo,
1123 1371 1164 1432 ut

116 1456 237 1554 reliqui
255 1479 396 1542 omnm,
411 1457 447 1528 in
463 1453 629 1530 Comitiis
650 1458 827 1532 declarati.
879 1457 1007 1532 Primis
1025 1471 1164 1556 tempo·

116 1555 211 1630 ribus
232 1581 359 1630 omnes
378 1556 504 1654 aequali
521 1557 575 1630 usi
600 1558 760 1656 imperio,
785 1558 916 1656 siuguii
941 1557 1164 1656 singulorum

118 1654 251 1730 diemm
270 1655 458 1754 imperium
477 1658 708 1743 obtinebant:
727 1659 769 1732 iis
783 1672 901 1732 autem
914 1658 1169 1731 Polemarchua

120 1756 326 1830 undecimus
343 1757 529 1854 adjunctus
543 1775 607 1846 est,
622 1774 675 1845 ut,
694 1759 724 1831 si
741 1759 831 1833 forte
848 1759 898 1831 illi
917 1758 1057 1856 paribus
1075 1758 1165 1831 inter
1221 1837 1222 1840 ,

121 1882 158 1930 se
173 1856 358 1932 sententiis
375 1858 622 1956 discreparent,
650 1860 779 1958 ipsein
796 1859 941 1932 alteram
959 1873 1093 1956 partem
1111 1859 1165 1930 in-

121 1957 252 2032 clinans
265 1983 412 2032 omnem
424 1959 680 2038 dubitationem
692 1961 872 2034 eximeret.
885 1959 1014 2032 Posset
1026 1959 1165 2032 Polem-

123 2060 242 2132 arcbua
255 2059 356 2134 domi
382 2074 539 2134 retentus
555 2075 621 2147 est,
641 2076 681 2134 ut
702 2061 782 2157 jura
798 2061 890 2133 inter
905 2059 998 2133 cives
1015 2073 1051 2130 et
1069 2083 1165 2157 pere-

123 2161 237 2256 grinus
255 2159 397 2245 diceret,
417 2187 481 2234 nec
507 2159 680 2236 Praetores
697 2186 822 2236 omnes
838 2161 883 2235 ad
909 2159 1042 2233 bellurn
1066 2160 1167 2233 missi

124 2274 223 2346 sunt;
242 2261 422 2364 (quodhie
439 2261 555 2335 innuit
571 2262 847 2358 Demosthenes)
862 2262 923 2335 sed
937 2262 1046 2336 modb
1061 2287 1166 2348 unus,

126 2361 227 2436 modb
243 2361 327 2448 duo,
347 2369 409 2459 pro
426 2363 476 2435 rei
493 2364 671 2459 periculo:
698 2362 814 2437 crateri
839 2363 937 2436 dorni
955 2364 1098 2436 urbanis
1115 2361 1168 2435 oi-

126 2461 219 2549 bciis,
233 2463 279 2538 ad
298 2462 460 2536 militiam
479 2478 598 2537 tamen
613 2463 863 2564 spectantibus,
877 2466 1067 2552 vacabant3
1094 2463 1169 2557 Qui

127 2564 307 2666 Στρατηγοὶ
317 2559 374 2640 ἐπὶ
390 2567 450 2655 τῆς
461 2564 651 2656 διοικήσεως
662 2565 825 2664 appellati
836 2579 932 2652 sunt,
946 2580 987 2639 ut
998 2566 1169 2670 iilinpre·
1303 2559 1306 2570 i

127 2669 216 2762 τηγο)
233 2665 290 2742 e’rri
306 2667 369 2742 rin
383 2662 512 2742 ἶπλων.
542 2664 654 2751 Idm,
672 2665 755 2738 ibid.

171 2765 225 2840 lb.
243 2767 270 2838 l.
290 2766 350 2840 21.
377 2764 580 2863 Φυλοίρχες.
597 2769 659 2841 καὶ
675 2766 874 2864 innume]
926 2763 980 2835 Ut
995 2764 1169 2835 Praetores
1210 2791 1217 2798 ·

129 2866 360 2940 etTaxiarchi
390 2867 585 2950 Peditibus,
616 2865 668 2937 sie
695 2863 892 2962 Hipparchi
920 2876 957 2934 et
986 2861 1170 2958 Phylarchi

129 2963 322 3064 Fquitibus,
338 2967 566 3064 imperarunt.
607 2965 803 3064 Hipparchi
820 2977 939 3040 nutem
958 2963 1039 3049 dun,
1067 2962 1172 3059 Phyl-

130 3069 219 3140 archi
245 3067 393 3153 decem;
419 3068 470 3140 illi
497 3067 640 3165 quidem
659 3067 832 3152 universo,
860 3065 897 3138 hi
915 3070 995 3140 verb
1020 3065 1173 3164 singnis·

131 3191 203 3240 mm
220 3168 377 3242 tribuum
390 3168 563 3266 equitatui
576 3167 626 3241 ita
639 3167 863 3266 praefuerunt,
882 3185 924 3240 ut
940 3168 1172 3265 quemadmun·

130 3267 211 3342 dhm
222 3267 412 3342 Taxiarchi
427 3268 653 3354 Praetoribus,
679 3269 730 3341 sic
757 3268 941 3364 Phylarohi
959 3268 1172 3366 Hipparchis

130 3367 218 3441 dicto
234 3369 416 3442 audientes
433 3383 573 3441 essent:
601 3369 661 3467 qui
680 3383 799 3462 tamen
817 3381 852 3438 et
877 3368 945 3464 ipsi
961 3367 1173 3442 Praetoribua

131 3485 325 3565 paruerunt.
355 3468 467 3556 Idem,
486 3468 570 3542 ibid.

176 3569 228 3664 lb.¹
247 3570 272 3642 1.
291 3571 352 3642 23.
382 3573 432 3646 Oi
445 3571 572 3665 λοιποὶ]
622 3566 667 3642 In
682 3566 898 3665 Etymologo
914 3591 946 3638 v.
966 3567 1125 3671 ἱεροποιοὶ,
1142 3569 1176 3643 oi
1296 3581 1304 3595 ‘

132 3675 300 3772 λογοποιοὶ
324 3705 359 3748 r.
377 3705 419 3748 rr.
439 3670 666 3778 nopnsriaru,
692 3669 811 3768 itique
836 3669 991 3743 sanando
1007 3693 1082 3742 esse
1099 3667 1175 3740 haec

131 3775 230 3846 rerba
245 3773 400 3846 affirmat
416 3769 620 3845 Mausacrm
637 3773 682 3844 ad
698 3770 869 3868 Harpocr.
888 3796 921 3843 v.
941 3773 1065 3876 Σεμναὶ
1077 3773 1175 3845 bsai·

134 3887 250 3946 eontra
279 3872 442 3946 omnium
472 3870 648 3946 Codicum
667 3872 786 3957 fidem,
813 3886 849 3943 et
879 3871 1027 3942 omninh
1048 3893 1174 3965 repug-

135 3988 236 4046 nante
252 3972 321 4046 ioei
337 3998 442 4046 sensu
460 4000 469 4044 ε
499 3974 688 4071 “quamvis
705 3970 915 4077 eripueris?
928 3969 1054 4074 inquit,
1071 3978 1093 4012 ‘⁸
1102 3993 1174 4042 non

136 4077 356 4171 “reprobum
379 4073 436 4146 sit.
489 4073 584 4146 Nam
601 4069 749 4174 πέμπτας
768 4068 810 4148 uri
841 4104 924 4156 nstv,
941 4084 978 4142 et
994 4068 1175 4176 πομπεύειν

137 4181 158 4212 “
172 4171 620 4248 dicuntAttici.”Ihlesius
636 4171 673 4244 in
690 4188 789 4246 notas
851 4171 967 4244 ausuri
986 4171 1177 4246 baecbabet
