2946 5032
579 355 598 466 i
648 361 719 438 bb
771 355 792 465 ]

465 623 895 739 AnooMsNioM

327 832 566 920 TERTIAE
589 833 1028 976 ΙΟΙᾹΙΝΤΗΙΑΟΛΈ,

655 1009 707 1060 Ex

484 1133 879 1214 Toonnsooo
926 1226 935 1249 ⁸

145 1289 266 1400 Hoc
280 1319 406 1411 oratio,
420 1317 536 1398 eodem
549 1352 616 1426 quo
629 1325 706 1401 dun
717 1319 919 1426 superiores
934 1325 1038 1401 titubo
1051 1321 1199 1427 inserip-

145 1439 198 1510 to,
220 1421 260 1495 in
276 1423 431 1521 ejusdem
447 1421 554 1499 etium
570 1426 774 1526 argumenti
793 1419 1005 1501 troototione
1020 1423 1201 1528 genereti-

144 1522 202 1596 ἰὸν
216 1539 393 1597 uersatur.
452 1523 625 1641 Olynthii,
640 1523 857 1600 oebunentbr
874 1526 895 1599 ὰ
915 1523 1085 1626 Philippo
1095 1553 1199 1642 pres-

143 1622 191 1709 si,
236 1621 409 1723 uibusque
424 1625 476 1698 od
488 1625 581 1699 utut
593 1651 705 1726 usque
724 1639 873 1724 tempus,
898 1621 1122 1699 conductitiis
1137 1627 1201 1699 noi·

143 1650 279 1810 tribbo,
298 1721 390 1797 moli
407 1721 451 1796 ob
465 1723 747 1800 Atheniensibus
761 1749 969 1800 succursum
972 1724 1120 1825 suerat,
1136 1750 1199 1798 no·

143 1849 211 1898 uos
219 1822 391 1922 petebant
408 1824 539 1924 eopios,
557 1851 629 1900 non
645 1852 689 1898 eu
704 1823 941 1912 rueroenoriis,
958 1825 1066 1900 sicuti
1083 1825 1200 1914 antei,

145 1939 180 1998 et
195 1921 404 2022 peregrinis
423 1921 606 2019 conflatos,
634 1923 754 1999 oerum
776 1923 866 2023 ipsis
888 1922 1199 2015 Atlrertiensibus;

145 2023 207 2125 qui
230 2022 381 2110 sincero,
406 2022 578 2098 eumsuo
595 2025 735 2124 glorio,
757 2039 833 2098 turn
856 2025 1050 2098 eommunis
1073 2049 1197 2113 bouso,

143 2122 263 2198 studio
279 2121 432 2196 ouineoti
445 2122 530 2199 sint.
568 2123 635 2200 Eu
651 2123 718 2200 tec
734 2123 924 2211 occasione,
941 2121 1201 2200 Demosthenes

145 2223 320 2323 eapendit,
339 2224 466 2322 quanti
481 2223 527 2298 iis
537 2224 703 2301 momenti
718 2224 779 2314 sit,
796 2239 836 2296 ut
863 2223 1059 2324 Olynthum
1069 2223 1200 2298 ineolu-

143 2351 232 2398 mem
245 2338 397 2411 seruent,
418 2322 548 2426 quippe
566 2351 642 2425 que
658 2324 820 2398 ultimum
839 2322 889 2397 sit
905 2325 1067 2424 ipsorum
1084 2323 1200 2400 Arbe-

142 2449 272 2500 norum
282 2425 610 2522 propugnandum.
644 2477 646 2482 -
670 2423 847 2516 Quoniam
863 2423 979 2524 e'gitur
992 2424 1099 2500 vieini
1114 2425 1202 2500 neoli
1260 2431 1264 2445 '

130 2523 294 2624 sornnido
310 2549 430 2597 eorum
447 2525 639 2626 eliquanto
656 2524 870 2599 industriam
886 2525 995 2614 uouit,
1013 2526 1141 2626 quibus
1157 2553 1202 2600 ne
1246 2555 1249 2560 ·

141 2623 299 2700 munima
315 2623 454 2724 quidem
463 2625 640 2724 periculo,
658 2625 759 2698 moab
774 2625 849 2698 sint
864 2624 1073 2725 longinquo,
1088 2642 1200 2700 terro·

141 2723 562 2825 reminoutetepossent;
579 2723 773 2826 proptereb
795 2725 941 2810 Orator,
954 2724 1200 2824 suntmbooeis

143 2823 371 2912 contentione,
383 2849 498 2925 oquns
511 2824 651 2912 elamat,
664 2839 835 2924 tonquom
845 2823 897 2896 od
904 2823 1197 2922 restinguendum

142 2921 282 3012 tellum,
297 2949 400 3021 01th
402 2926 490 3024 jum
499 2951 570 3023 per
584 2923 759 3010 Atticam,
774 2939 881 3023 utque
897 2923 991 2996 oireo
1009 2923 1124 3022 ipsius
1137 2950 1196 2998 eu·

135 3039 217 3122 put,
235 3023 397 3098 sointiblu
421 3023 583 3100 uolitant.
612 3021 766 3113 Deindi,
785 3021 854 3123 qub
872 3023 1063 3098 cautiorem
1080 3021 1197 3102 adbuc

140 3123 373 3240 apetitionis
396 3150 598 3218 successum
619 3125 757 3213 reddet,
779 3123 885 3224 quine
909 3150 1049 3210 neeesse
1072 3121 1141 3227 sit,
1155 3141 1196 3200 ut

139 3223 436 3300 molitioneunero
445 3251 518 3324 per
532 3251 572 3299 se
588 3225 724 3312 obeant,
743 3225 895 3299 ostendit
904 3256 920 3309 ;
940 3223 1135 3324 postumii),
1153 3241 1196 3302 ut

138 3323 280 3414 ‚indicet
297 3323 370 3423 quei
391 3322 584 3400 certissimi
602 3321 794 3398 rationein
813 3321 961 3420 bebjusee
983 3323 1066 3396 belli
1081 3351 1104 3396 o
1154 3351 1194 3398 a·

138 3439 261 3499 rutum
276 3438 441 3522 sumptus
451 3424 597 3522 possint
611 3420 852 3523 suppeditare,
866 3421 996 3494 rursus
1011 3421 1058 3494 iis
1098 3423 1196 3522 enei·

139 3523 241 3598 litori
249 3523 408 3622 peeunib
424 3523 536 3598 instat
543 3555 559 3615 ;
585 3523 637 3598 od
649 3549 728 3608 euru
744 3520 826 3596 uerit
840 3521 980 3596 modun
995 3547 1040 3595 eu
1056 3547 1124 3620 quo
1138 3522 1193 3596 in·

139 3623 337 3722 telligatur,
350 3622 535 3723 prioribus
557 3623 673 3723 ipsiw
692 3619 990 3697 admonitionibus
1008 3646 1080 3694 non
1099 3648 1190 3710 eum,

138 3749 241 3826 quern
253 3737 427 3822 parerat,
440 3750 641 3798 successum
653 3721 835 3822 obtigisse.
862 3719 1111 3809 Athenienses,
1125 3723 1193 3798 snb

144 3821 296 3898 Cborete
325 3823 422 3912 duee,
438 3823 597 3900 subsidio
615 3823 742 3898 neisbre
762 3819 993 3924 septendecim
1019 3820 1189 3911 triremes,

138 3947 219 3998 eum
230 3919 287 3996 bis
297 3921 393 3998 mille
396 3923 590 4023 peditibus,
604 3922 779 4040 equitibus
793 3921 875 3998 verb
889 3919 1064 4006 trecentis,
1079 3919 1192 4022 iisque

138 4020 314 4114 unnibies,
331 4022 440 4100 sionti
462 4023 624 4126 Olynthii
635 4025 828 4123 petierunt,
844 4019 1138 4100 Atbeniensibus.

622 4223 700 4316 20
