2902 5044
388 337 766 416 onrnrnmosnr
791 337 841 416 11.
1060 269 1135 414 ns
1259 443 1263 454 ¹

143 519 181 596 Ρ.
191 517 285 594 63].
295 518 331 592 8.
342 517 861 624 ἈπεςεῖλαἹε--Χαρῖδημον]
872 514 1137 604 Charidemum,

15 659 17 672 f
104 645 218 720 genere
228 617 384 705 Oritum,
396 617 580 717 Iphicratis
590 618 626 691 in
640 619 733 691 bello
743 618 965 717 discipulum,
980 629 1017 691 et
1029 615 1138 691 Cher·

15 777 16 780 ,
105 721 259 820 rnbleptis
269 743 453 818 generum,
465 720 559 818 quod
572 718 696 791 utilem
709 718 909 816 reipublicae
922 743 1064 816 operam
1076 741 1138 789 na·

104 825 218 910 visset,
233 817 471 894 Athenienses
484 819 624 893 civitate
636 818 825 892 dondrunt.
863 817 961 910 Quin
975 831 1010 889 et
1023 817 1139 890 decre-

106 934 172 994 turn
181 920 264 994 fecit
273 919 508 994 Aristocrates
518 918 741 1015 hujusmodi:
767 917 874 1017 siquis
886 915 1150 991 Charidemum·
1241 977 1244 984 .

105 1019 270 1104 occiderit,
289 1019 539 1118 comprehendi
557 1045 639 1092 eum
652 1021 711 1114 jus
728 1017 849 1116 fasque
862 1018 906 1090 sit
919 1018 956 1089 in
971 1018 1069 1090 omni
1087 1017 1140 1090 di·

105 1119 192 1194 tione
205 1117 486 1194 Atheniensibus
503 1121 701 1216 conjuncti.
729 1118 841 1210 Quod
849 1118 878 1190 si
892 1117 970 1216 quis
983 1141 1142 1215 compre·

104 1221 246 1296 bensum
264 1218 460 1304 asseruerit,
474 1220 545 1293 sive
562 1219 694 1304 civitas,
713 1219 784 1291 sive
802 1219 911 1292 homo
928 1217 1091 1315 privatus,
1111 1217 1141 1290 is

104 1319 268 1396 ioederum
285 1343 407 1418 expers
430 1331 516 1392 esto.
570 1319 652 1392 Hoc
674 1318 854 1392 decretum
878 1317 1053 1391 accusavit
1069 1316 1143 1390 Eu·
1278 1371 1290 1394 .

105 1420 241 1518 thycles,
255 1420 358 1518 eique
371 1419 588 1493 subserviens
600 1419 860 1493 Demosthenes
874 1417 1068 1492 orationem
1083 1417 1144 1490 ha·

104 1521 176 1692 bquit
192 1521 281 1694 ua‘llol?
296 1519 548 1624 Ἀριςοκρᾶτες.
578 1517 767 1592 Demostlt.
795 1533 917 1594 contra
933 1517 1141 1592 Ariamenen

140 1646 244 1694 cum
319 1679 326 1693 .

151 1720 204 1796 lb.
235 1721 260 1792 l.
292 1721 327 1792 9.
355 1727 424 1798 Καὶ
450 1717 724 1817 nivie'rcihmdoe]
751 1720 810 1810 Εἷς
836 1719 877 1797 ri
903 1718 1147 1825 μισθῶσασθαι

107 1820 205 1920 iiiuc.
232 1819 324 1893 Vide
336 1821 550 1895 alacritatem
565 1836 601 1894 et
613 1821 912 1920 magnificentiam
927 1819 1147 1905 decernendi,

108 1945 185 1994 eum
201 1921 398 2018 exequendi
413 1919 629 2020 'negligentiis
646 1941 682 1996 et
699 1923 870 1996 sordibus.
903 1918 1072 2016 Wolfiuu.

154 2019 207 2096 lb.
226 2021 253 2094 l.
274 2024 297 2094 9
314 2035 350 2094 et
364 2047 457 2120 seqq.
486 2025 557 2110 Ὡς
569 2019 637 2124 ycip
648 2021 801 2122 ἠγγέλθη
811 2025 985 2109 Φίλιππος
998 2019 1152 2108 ἀσθενῶ,

110 2117 315 2210 uicinitatis,
333 2123 430 2216 (ἦλθε
443 2121 512 2222 γοῖρ
527 2123 744 2226 ἄμφὸτερα,)]
761 2121 918 2194 Nuntios
932 2120 1101 2219 optabiles
1115 2118 1151 2191 in

110 2221 254 2296 dubium
271 2223 561 2321 vocare-populus
580 2248 650 2295 non
669 2223 753 2296 vult.
785 2221 1038 2314 Quodamdie,
1057 2221 1153 2305 cum,

112 2322 226 2396 audito
244 2336 425 2395 mortuum
439 2348 515 2396 esse
527 2323 781 2410 Alexandrum,
796 2324 1042 2409 Athenienses,
1055 2319 1156 2419 quasi

112 2422 195 2496 ebrii
206 2421 346 2506 laetifici,
359 2421 565 2509 exultarent,
580 2423 724 2497 retinuit
736 2450 796 2498 eos
809 2423 966 2497 Phocion
981 2423 1075 2497 dioto
1088 2422 1157 2495 hoc

112 2522 277 2619 sapienti:
307 2519 352 2593 Si
366 2520 589 2609 Alabanda,
604 2523 656 2596 ita
669 2526 867 2622 misectur,
883 2520 983 2597 dodii
995 2536 1158 2595 mortuus

112 2619 168 2708 sit,
185 2620 294 2694 etiam
311 2647 394 2694 crus
410 2621 489 2694 erit.
550 2621 649 2711 Quid
658 2623 774 2721 igitur
782 2622 1050 2722 periclitamini,
1064 2620 1099 2692 si
1111 2619 1164 2692 ad

113 2733 249 2820 tenpus
261 2720 361 2794 uobis
372 2747 449 2794 cam
461 2721 619 2794 lotitiam
628 2723 871 2819 procludctis,
887 2722 990 2816 cujus
997 2743 1158 2818 prepro-

109 2845 196 2917 perc
208 2821 393 2920 perceptio
419 2837 453 2900 et
479 2820 631 2895 dolorem
655 2821 754 2893 vodis
779 2838 813 2893 ct
829 2820 1006 2919 pudorem
1031 2819 1161 2914 efferre

110 2921 259 3016 possit?
309 2920 526 2996 Tourrellus.

162 3021 217 3094 lb.
236 3019 355 3094 Schol.
373 3023 397 3094 Ι.
415 3023 454 3096 4.
473 3017 630 3120 Βοηθεῖᾳ]
649 3019 705 3094 Ex
717 3037 884 3121 sequente
897 3020 1046 3113 Boain‘co
1059 3021 1162 3119 plane

117 3136 261 3200 natum:
290 3121 484 3195 rectissime
502 3117 660 3216 Wolfiu's
671 3123 871 3197 emendavit
882 3123 1062 3230 προθυμίᾳ·
1074 3121 1165 3196 infra

118 3220 214 3310 dicit,
232 3218 345 3323 ὥσπερ
363 3217 603 3329 ἐψηφισάμεθα
621 3223 808 3328 προθύμως.
853 3287 856 3296 .

166 3318 220 3394 Ib.
231 3320 255 3392 l.
271 3321 332 3393 26.
346 3320 452 3398 Ἤτοι
465 3318 656 3424 Ἰανεάριος]
670 3321 711 3392 In
724 3337 810 3394 orat.
824 3323 866 3394 de
878 3321 1031 3406 Coroni,
1044 3321 1162 3418 p.167.

121 3415 1165 3518 Ed.Ben.MunychionemcumJanuariooomparatSoho·
1312 3457 1320 3472 ·

120 3517 260 3606 liastes3
286 3519 417 3594 ibidem
431 3522 539 3594 etiam
553 3523 790 3624 Θαργηλιῶνος
805 3521 952 3619 exponit
966 3519 1165 3618 Ἀπριλλίε,

122 3641 203 3714 ergo
217 3644 289 3693 non
303 3621 380 3715 jam
390 3620 612 3718 Munychion
624 3622 685 3694 sed
694 3619 948 3694 Anthesterion
959 3620 1025 3694 erit
1033 3618 1168 3694 danua-

124 3717 211 3792 rius:
240 3719 278 3790 in
292 3735 440 3817 utroque
454 3735 584 3807 autem,
599 3723 652 3794 uti
666 3721 725 3792 hio
734 3722 853 3806 etiarn,
867 3721 1016 3794 omnino
1025 3719 1168 3804 fallitur,

124 3815 756 3895 siadDemosthenisaetatemreserat.
783 3820 1171 3914 VideNotamsequen·

125 3929 207 3990 iem.

173 4017 227 4090 lb.
247 4017 272 4092 l.
294 4017 355 4098 27·
369 4017 440 4108 Ὃς
458 4017 528 4122 ἔχει
545 4018 659 4124 χρόνον
672 4020 751 4122 παρ’
762 4015 950 4116 Ἕλλησιν]
968 4017 1080 4112 Quasi
1091 4020 1172 4090 verb
