<?xml version="1.0" encoding="UTF-8"?>
<!DOCTYPE html PUBLIC "-//W3C//DTD XHTML 1.0 Transitional//EN"
    "http://www.w3.org/TR/xhtml1/DTD/xhtml1-transitional.dtd">
<html xmlns="http://www.w3.org/1999/xhtml" xml:lang="en" lang="en">
 <head>
  <title>
</title>
<meta http-equiv="Content-Type" content="text/html;charset=utf-8" />
  <meta name='ocr-system' content='tesseract 3.04.00' />
  <meta name='ocr-capabilities' content='ocr_page ocr_carea ocr_par ocr_line ocrx_word'/>
</head>
<body>
  <div class='ocr_page' id='page_1' title='image "./demosthenissele00demogoog/demosthenissele00demogoog_0203.png"; bbox 0 0 2896 5054; ppageno 0'>
   <div class='ocr_carea' id='block_1_1' title="bbox 295 385 969 464">
    <p class='ocr_par' dir='ltr' id='par_1_1' title="bbox 295 385 969 464">
     <span class='ocr_line' id='line_1_1' title="bbox 295 385 969 464; baseline -0.003 0"><span class='ocrx_word' id='word_1_1' title='bbox 295 391 365 464; x_wconf 77' lang='lat' dir='ltr'>tas</span> <span class='ocrx_word' id='word_1_2' title='bbox 701 385 859 460; x_wconf 64' lang='grc' dir='ltr'>ΝΟΜ]</span> <span class='ocrx_word' id='word_1_3' title='bbox 883 385 939 460; x_wconf 87' lang='lat' dir='ltr'>IN</span> <span class='ocrx_word' id='word_1_4' title='bbox 967 457 969 462; x_wconf 79' lang='grc'>,</span> 
     </span>
    </p>
   </div>
   <div class='ocr_carea' id='block_1_2' title="bbox 271 543 1443 4277">
    <p class='ocr_par' dir='ltr' id='par_1_2' title="bbox 291 543 1443 2972">
     <span class='ocr_line' id='line_1_2' title="bbox 291 543 1443 659; baseline -0.001 -22"><span class='ocrx_word' id='word_1_5' title='bbox 291 564 383 640; x_wconf 88' lang='lat' dir='ltr'>tium</span> <span class='ocrx_word' id='word_1_6' title='bbox 400 561 676 639; x_wconf 63' lang='lat' dir='ltr'>Atheniensibus</span> <span class='ocrx_word' id='word_1_7' title='bbox 686 562 876 659; x_wconf 75' lang='lat' dir='ltr'>exprobrat</span> <span class='ocrx_word' id='word_1_8' title='bbox 891 558 1062 636; x_wconf 81' lang='lat' dir='ltr'>leocrates</span> <span class='ocrx_word' id='word_1_9' title='bbox 1076 555 1176 636; x_wconf 84' lang='lat' dir='ltr'>Orat.</span> <span class='ocrx_word' id='word_1_10' title='bbox 1196 555 1241 633; x_wconf 90' lang='lat' dir='ltr'>de</span> <span class='ocrx_word' id='word_1_11' title='bbox 1253 555 1353 636; x_wconf 82' lang='lat' dir='ltr'>Pae·</span> <span class='ocrx_word' id='word_1_12' title='bbox 1442 543 1443 612; x_wconf 64' lang='grc' dir='ltr'>Ῑ</span> 
     </span>
     <span class='ocr_line' id='line_1_3' title="bbox 300 662 738 738; baseline -0.009 -2"><span class='ocrx_word' id='word_1_13' title='bbox 300 663 339 736; x_wconf 89' lang='lat' dir='ltr'><em>T</em></span> <span class='ocrx_word' id='word_1_14' title='bbox 331 662 521 738; x_wconf 72' lang='lat' dir='ltr'>camellam.</span> <span class='ocrx_word' id='word_1_15' title='bbox 710 725 738 734; x_wconf 87' lang='lat'>..</span> 
     </span>
     <span class='ocr_line' id='line_1_4' title="bbox 299 755 1353 864; baseline -0.003 -27"><span class='ocrx_word' id='word_1_16' title='bbox 299 795 302 804; x_wconf 65' lang='lat'><strong>⁴</strong></span> <span class='ocrx_word' id='word_1_17' title='bbox 321 805 325 816; x_wconf 87' lang='lat'><em>·</em></span> <span class='ocrx_word' id='word_1_18' title='bbox 341 764 382 837; x_wconf 93' lang='lat' dir='ltr'>P.</span> <span class='ocrx_word' id='word_1_19' title='bbox 403 764 459 836; x_wconf 82' lang='lat' dir='ltr'>ld.</span> <span class='ocrx_word' id='word_1_20' title='bbox 480 763 566 834; x_wconf 76' lang='lat' dir='ltr'>lla</span> <span class='ocrx_word' id='word_1_21' title='bbox 579 774 617 834; x_wconf 78' lang='lat' dir='ltr'>et</span> <span class='ocrx_word' id='word_1_22' title='bbox 633 785 705 860; x_wconf 82' lang='lat' dir='ltr'>seq.</span> <span class='ocrx_word' id='word_1_23' title='bbox 733 755 946 864; x_wconf 64' lang='grc' dir='ltr'>Στρατιώταις</span> <span class='ocrx_word' id='word_1_24' title='bbox 957 759 1144 856; x_wconf 54' lang='lat' dir='ltr'>dispertisse·</span> <span class='ocrx_word' id='word_1_25' title='bbox 1173 756 1281 836; x_wconf 71' lang='grc' dir='ltr'><em>τέτωι</em></span> <span class='ocrx_word' id='word_1_26' title='bbox 1300 756 1353 842; x_wconf 65' lang='grc' dir='ltr'>δὲ,</span> 
     </span>
     <span class='ocr_line' id='line_1_5' title="bbox 295 857 1356 961; baseline -0.011 -21"><span class='ocrx_word' id='word_1_27' title='bbox 295 866 473 952; x_wconf 70' lang='lat' dir='ltr'>’‘Adraoelsr</span> <span class='ocrx_word' id='word_1_28' title='bbox 486 873 529 961; x_wconf 78' lang='grc' dir='ltr'>Φ.</span> <span class='ocrx_word' id='word_1_29' title='bbox 549 861 626 940; x_wconf 68' lang='lat' dir='ltr'>bet.</span> <span class='ocrx_word' id='word_1_30' title='bbox 643 861 879 956; x_wconf 62' lang='lat' dir='ltr'>armentariae]</span> <span class='ocrx_word' id='word_1_31' title='bbox 896 861 1133 936; x_wconf 79' lang='lat' dir='ltr'>Athenienses</span> <span class='ocrx_word' id='word_1_32' title='bbox 1147 858 1253 934; x_wconf 81' lang='lat' dir='ltr'>nullis</span> <span class='ocrx_word' id='word_1_33' title='bbox 1265 857 1356 930; x_wconf 86' lang='lat' dir='ltr'>aliis</span> 
     </span>
     <span class='ocr_line' id='line_1_6' title="bbox 296 957 1355 1061; baseline -0.008 -22"><span class='ocrx_word' id='word_1_34' title='bbox 296 962 467 1039; x_wconf 82' lang='lat' dir='ltr'>militibus</span> <span class='ocrx_word' id='word_1_35' title='bbox 484 963 648 1061; x_wconf 78' lang='lat' dir='ltr'>primitias</span> <span class='ocrx_word' id='word_1_36' title='bbox 664 964 853 1036; x_wconf 86' lang='lat' dir='ltr'>utebantur</span> <span class='ocrx_word' id='word_1_37' title='bbox 877 965 986 1060; x_wconf 74' lang='lat' dir='ltr'>quam</span> <span class='ocrx_word' id='word_1_38' title='bbox 1013 961 1085 1038; x_wconf 85' lang='lat' dir='ltr'>suls</span> <span class='ocrx_word' id='word_1_39' title='bbox 1101 959 1247 1036; x_wconf 85' lang='lat' dir='ltr'>civibus.</span> <span class='ocrx_word' id='word_1_40' title='bbox 1303 957 1355 1044; x_wconf 90' lang='lat' dir='ltr'>Ii,</span> 
     </span>
     <span class='ocr_line' id='line_1_7' title="bbox 296 1059 1354 1164; baseline -0.007 -26"><span class='ocrx_word' id='word_1_41' title='bbox 296 1091 407 1164; x_wconf 86' lang='lat' dir='ltr'>quum</span> <span class='ocrx_word' id='word_1_42' title='bbox 425 1065 469 1138; x_wconf 90' lang='lat' dir='ltr'>ad</span> <span class='ocrx_word' id='word_1_43' title='bbox 485 1064 745 1162; x_wconf 79' lang='lat' dir='ltr'>expeditionem</span> <span class='ocrx_word' id='word_1_44' title='bbox 775 1059 1240 1162; x_wconf 85' lang='lat' dir='ltr'>aliquam‘proficisoendum</span> <span class='ocrx_word' id='word_1_45' title='bbox 1257 1072 1354 1142; x_wconf 85' lang='lat' dir='ltr'>erat,</span> 
     </span>
     <span class='ocr_line' id='line_1_8' title="bbox 298 1158 1355 1259; baseline -0.008 -21"><span class='ocrx_word' id='word_1_46' title='bbox 298 1166 445 1238; x_wconf 88' lang='lat' dir='ltr'>nomina</span> <span class='ocrx_word' id='word_1_47' title='bbox 460 1189 523 1237; x_wconf 89' lang='lat' dir='ltr'>sua</span> <span class='ocrx_word' id='word_1_48' title='bbox 537 1163 576 1236; x_wconf 90' lang='lat' dir='ltr'>in</span> <span class='ocrx_word' id='word_1_49' title='bbox 593 1161 748 1238; x_wconf 86' lang='lat' dir='ltr'>Tabulas</span> <span class='ocrx_word' id='word_1_50' title='bbox 766 1163 922 1259; x_wconf 85' lang='lat' dir='ltr'>publicas</span> <span class='ocrx_word' id='word_1_51' title='bbox 932 1161 1137 1238; x_wconf 76' lang='lat' dir='ltr'>referebant.</span> <span class='ocrx_word' id='word_1_52' title='bbox 1164 1158 1355 1233; x_wconf 83' lang='lat' dir='ltr'>Omnibus</span> 
     </span>
     <span class='ocr_line' id='line_1_9' title="bbox 297 1259 1354 1365; baseline -0.005 -26"><span class='ocrx_word' id='word_1_53' title='bbox 297 1291 357 1365; x_wconf 84' lang='lat' dir='ltr'>per</span> <span class='ocrx_word' id='word_1_54' title='bbox 374 1266 468 1362; x_wconf 77' lang='lat' dir='ltr'>vices</span> <span class='ocrx_word' id='word_1_55' title='bbox 476 1265 680 1338; x_wconf 88' lang='lat' dir='ltr'>obeundum</span> <span class='ocrx_word' id='word_1_56' title='bbox 694 1277 768 1336; x_wconf 89' lang='lat' dir='ltr'>erat</span> <span class='ocrx_word' id='word_1_57' title='bbox 778 1263 847 1336; x_wconf 88' lang='lat' dir='ltr'>hoe</span> <span class='ocrx_word' id='word_1_58' title='bbox 858 1289 990 1338; x_wconf 89' lang='lat' dir='ltr'>munus</span> <span class='ocrx_word' id='word_1_59' title='bbox 1001 1290 1020 1352; x_wconf 69' lang='grc' dir='ltr'>ς,</span> <span class='ocrx_word' id='word_1_60' title='bbox 1031 1261 1126 1336; x_wconf 68' lang='lat' dir='ltr'>nulli</span> <span class='ocrx_word' id='word_1_61' title='bbox 1143 1260 1197 1334; x_wconf 86' lang='lat' dir='ltr'>vel</span> <span class='ocrx_word' id='word_1_62' title='bbox 1209 1259 1354 1338; x_wconf 78' lang='lat' dir='ltr'>diuitia-</span> 
     </span>
     <span class='ocr_line' id='line_1_10' title="bbox 298 1359 1355 1462; baseline -0.01 -19"><span class='ocrx_word' id='word_1_63' title='bbox 298 1391 377 1443; x_wconf 81' lang='lat' dir='ltr'>mm</span> <span class='ocrx_word' id='word_1_64' title='bbox 394 1367 448 1440; x_wconf 88' lang='lat' dir='ltr'>vel</span> <span class='ocrx_word' id='word_1_65' title='bbox 462 1365 654 1439; x_wconf 81' lang='lat' dir='ltr'>nobilitatis</span> <span class='ocrx_word' id='word_1_66' title='bbox 680 1363 800 1438; x_wconf 70' lang='lat' dir='ltr'>habiti</span> <span class='ocrx_word' id='word_1_67' title='bbox 823 1364 972 1440; x_wconf 79' lang='lat' dir='ltr'>ratione.</span> <span class='ocrx_word' id='word_1_68' title='bbox 1024 1362 1097 1462; x_wconf 88' lang='lat' dir='ltr'>Ipsi</span> <span class='ocrx_word' id='word_1_69' title='bbox 1122 1361 1196 1440; x_wconf 81' lang='lat' dir='ltr'>suis</span> <span class='ocrx_word' id='word_1_70' title='bbox 1214 1359 1355 1439; x_wconf 85' lang='lat' dir='ltr'>vicibus</span> 
     </span>
     <span class='ocr_line' id='line_1_11' title="bbox 296 1458 1354 1566; baseline -0.004 -28"><span class='ocrx_word' id='word_1_71' title='bbox 296 1465 503 1564; x_wconf 74' lang='lat' dir='ltr'>Philosophi</span> <span class='ocrx_word' id='word_1_72' title='bbox 519 1465 663 1566; x_wconf 83' lang='lat' dir='ltr'>loricam</span> <span class='ocrx_word' id='word_1_73' title='bbox 680 1464 880 1546; x_wconf 87' lang='lat' dir='ltr'>induerunt.</span> <span class='ocrx_word' id='word_1_74' title='bbox 918 1464 1019 1540; x_wconf 86' lang='lat' dir='ltr'>Plato</span> <span class='ocrx_word' id='word_1_75' title='bbox 1033 1461 1264 1560; x_wconf 80' lang='lat' dir='ltr'>magistriani</span> <span class='ocrx_word' id='word_1_76' title='bbox 1282 1458 1354 1537; x_wconf 87' lang='lat' dir='ltr'>So·</span> 
     </span>
     <span class='ocr_line' id='line_1_12' title="bbox 298 1559 1356 1662; baseline -0.008 -22"><span class='ocrx_word' id='word_1_77' title='bbox 298 1567 401 1640; x_wconf 90' lang='lat' dir='ltr'>eratis</span> <span class='ocrx_word' id='word_1_78' title='bbox 419 1565 661 1640; x_wconf 78' lang='lat' dir='ltr'>fortitudinem</span> <span class='ocrx_word' id='word_1_79' title='bbox 679 1564 856 1662; x_wconf 85' lang='lat' dir='ltr'>praedicat,</span> <span class='ocrx_word' id='word_1_80' title='bbox 883 1590 962 1662; x_wconf 86' lang='lat' dir='ltr'>quae</span> <span class='ocrx_word' id='word_1_81' title='bbox 979 1565 1087 1640; x_wconf 89' lang='lat' dir='ltr'>etiam</span> <span class='ocrx_word' id='word_1_82' title='bbox 1112 1565 1133 1634; x_wconf 70' lang='lat' dir='ltr'>*a</span> <span class='ocrx_word' id='word_1_83' title='bbox 1160 1559 1297 1640; x_wconf 77' lang='lat' dir='ltr'>Seneca</span> <span class='ocrx_word' id='word_1_84' title='bbox 1315 1574 1356 1632; x_wconf 89' lang='lat' dir='ltr'>et</span> 
     </span>
     <span class='ocr_line' id='line_1_13' title="bbox 297 1663 1353 1762; baseline -0.008 -22"><span class='ocrx_word' id='word_1_85' title='bbox 297 1667 487 1741; x_wconf 87' lang='lat' dir='ltr'>Plutarcho</span> <span class='ocrx_word' id='word_1_86' title='bbox 512 1667 714 1748; x_wconf 85' lang='lat' dir='ltr'>celebrator.</span> <span class='ocrx_word' id='word_1_87' title='bbox 767 1665 867 1757; x_wconf 86' lang='lat' dir='ltr'>Quin</span> <span class='ocrx_word' id='word_1_88' title='bbox 900 1680 936 1739; x_wconf 91' lang='lat' dir='ltr'>et</span> <span class='ocrx_word' id='word_1_89' title='bbox 965 1665 1073 1762; x_wconf 89' lang='lat' dir='ltr'>ipsius</span> <span class='ocrx_word' id='word_1_90' title='bbox 1108 1663 1267 1741; x_wconf 78' lang='lat' dir='ltr'>Platonis</span> <span class='ocrx_word' id='word_1_91' title='bbox 1294 1686 1353 1735; x_wconf 91' lang='lat' dir='ltr'>res</span> 
     </span>
     <span class='ocr_line' id='line_1_14' title="bbox 295 1765 1353 1865; baseline -0.002 -25"><span class='ocrx_word' id='word_1_92' title='bbox 295 1768 390 1841; x_wconf 87' lang='lat' dir='ltr'>bello</span> <span class='ocrx_word' id='word_1_93' title='bbox 400 1781 509 1865; x_wconf 81' lang='lat' dir='ltr'>gestae</span> <span class='ocrx_word' id='word_1_94' title='bbox 518 1766 628 1846; x_wconf 88' lang='lat' dir='ltr'>literis</span> <span class='ocrx_word' id='word_1_95' title='bbox 639 1767 817 1840; x_wconf 83' lang='lat' dir='ltr'>mandatae</span> <span class='ocrx_word' id='word_1_96' title='bbox 826 1779 922 1840; x_wconf 87' lang='lat' dir='ltr'>eunt.</span> <span class='ocrx_word' id='word_1_97' title='bbox 959 1766 1079 1840; x_wconf 90' lang='lat' dir='ltr'>Nemo</span> <span class='ocrx_word' id='word_1_98' title='bbox 1090 1765 1353 1864; x_wconf 75' lang='lat' dir='ltr'>igiturbgeue·</span> 
     </span>
     <span class='ocr_line' id='line_1_15' title="bbox 299 1859 1443 1966; baseline -0.003 -20"><span class='ocrx_word' id='word_1_99' title='bbox 299 1869 361 1946; x_wconf 81' lang='lat' dir='ltr'>rati</span> <span class='ocrx_word' id='word_1_100' title='bbox 379 1869 456 1966; x_wconf 88' lang='lat' dir='ltr'>lege</span> <span class='ocrx_word' id='word_1_101' title='bbox 471 1859 688 1944; x_wconf 70' lang='lat' dir='ltr'>observandi</span> <span class='ocrx_word' id='word_1_102' title='bbox 702 1881 786 1944; x_wconf 89' lang='lat' dir='ltr'>tune</span> <span class='ocrx_word' id='word_1_103' title='bbox 803 1865 1131 1964; x_wconf 85' lang='lat' dir='ltr'>temporiseximius</span> <span class='ocrx_word' id='word_1_104' title='bbox 1143 1865 1353 1950; x_wconf 80' lang='lat' dir='ltr'>habebatur,</span> <span class='ocrx_word' id='word_1_105' title='bbox 1442 1941 1443 1954; x_wconf 62' lang='grc'>,</span> 
     </span>
     <span class='ocr_line' id='line_1_16' title="bbox 299 1965 1353 2067; baseline -0.007 -24"><span class='ocrx_word' id='word_1_106' title='bbox 299 1993 391 2066; x_wconf 70' lang='lat' dir='ltr'>qum,</span> <span class='ocrx_word' id='word_1_107' title='bbox 417 1982 459 2042; x_wconf 90' lang='lat' dir='ltr'>ut</span> <span class='ocrx_word' id='word_1_108' title='bbox 472 1967 539 2067; x_wconf 92' lang='lat' dir='ltr'>ipsi</span> <span class='ocrx_word' id='word_1_109' title='bbox 557 1967 687 2066; x_wconf 84' lang='lat' dir='ltr'>singuli</span> <span class='ocrx_word' id='word_1_110' title='bbox 704 1968 882 2054; x_wconf 81' lang='lat' dir='ltr'>servirent,</span> <span class='ocrx_word' id='word_1_111' title='bbox 907 1967 1079 2064; x_wconf 77' lang='lat' dir='ltr'>exigebat.</span> <span class='ocrx_word' id='word_1_112' title='bbox 1108 2033 1111 2038; x_wconf 84' lang='lat'>.</span> <span class='ocrx_word' id='word_1_113' title='bbox 1132 1965 1353 2062; x_wconf 82' lang='lat' dir='ltr'>Quicunque</span> 
     </span>
     <span class='ocr_line' id='line_1_17' title="bbox 299 2065 1352 2168; baseline -0.005 -24"><span class='ocrx_word' id='word_1_114' title='bbox 299 2069 502 2168; x_wconf 74' lang='lat' dir='ltr'>praecripto</span> <span class='ocrx_word' id='word_1_115' title='bbox 519 2069 575 2145; x_wconf 88' lang='lat' dir='ltr'>die</span> <span class='ocrx_word' id='word_1_116' title='bbox 601 2069 644 2142; x_wconf 91' lang='lat' dir='ltr'>ad</span> <span class='ocrx_word' id='word_1_117' title='bbox 670 2068 836 2144; x_wconf 86' lang='lat' dir='ltr'>uexillum</span> <span class='ocrx_word' id='word_1_118' title='bbox 864 2093 902 2140; x_wconf 90' lang='lat' dir='ltr'>se</span> <span class='ocrx_word' id='word_1_119' title='bbox 925 2093 997 2142; x_wconf 82' lang='lat' dir='ltr'>non</span> <span class='ocrx_word' id='word_1_120' title='bbox 1013 2079 1199 2164; x_wconf 84' lang='lat' dir='ltr'>receperat,</span> <span class='ocrx_word' id='word_1_121' title='bbox 1218 2065 1352 2164; x_wconf 90' lang='lat' dir='ltr'>quique</span> 
     </span>
     <span class='ocr_line' id='line_1_18' title="bbox 299 2165 1352 2268; baseline -0.009 -24"><span class='ocrx_word' id='word_1_122' title='bbox 299 2183 382 2244; x_wconf 83' lang='lat' dir='ltr'>unte</span> <span class='ocrx_word' id='word_1_123' title='bbox 411 2169 668 2268; x_wconf 73' lang='lat' dir='ltr'>praescriptum,</span> <span class='ocrx_word' id='word_1_124' title='bbox 689 2183 829 2267; x_wconf 82' lang='lat' dir='ltr'>tempus</span> <span class='ocrx_word' id='word_1_125' title='bbox 858 2168 895 2240; x_wconf 93' lang='lat' dir='ltr'>id</span> <span class='ocrx_word' id='word_1_126' title='bbox 922 2168 1117 2266; x_wconf 84' lang='lat' dir='ltr'>reliquerat,</span> <span class='ocrx_word' id='word_1_127' title='bbox 1147 2165 1352 2241; x_wconf 85' lang='lat' dir='ltr'>Desertoris</span> 
     </span>
     <span class='ocr_line' id='line_1_19' title="bbox 301 2265 1352 2368; baseline -0.003 -26"><span class='ocrx_word' id='word_1_128' title='bbox 301 2273 405 2367; x_wconf 77' lang='lat' dir='ltr'>poeoai</span> <span class='ocrx_word' id='word_1_129' title='bbox 421 2271 661 2368; x_wconf 81' lang='lat' dir='ltr'>plectebatur:</span> <span class='ocrx_word' id='word_1_130' title='bbox 679 2275 681 2280; x_wconf 84' lang='lat'>&#39;</span> <span class='ocrx_word' id='word_1_131' title='bbox 702 2293 869 2346; x_wconf 84' lang='lat' dir='ltr'>numerus</span> <span class='ocrx_word' id='word_1_132' title='bbox 895 2273 976 2346; x_wconf 74' lang='lat' dir='ltr'>verb</span> <span class='ocrx_word' id='word_1_133' title='bbox 999 2269 1128 2348; x_wconf 85' lang='lat' dir='ltr'>horum</span> <span class='ocrx_word' id='word_1_134' title='bbox 1146 2267 1303 2346; x_wconf 85' lang='lat' dir='ltr'>rnilitum</span> <span class='ocrx_word' id='word_1_135' title='bbox 1322 2265 1352 2338; x_wconf 85' lang='lat' dir='ltr'>is</span> 
     </span>
     <span class='ocr_line' id='line_1_20' title="bbox 300 2367 1353 2466; baseline -0.005 -24"><span class='ocrx_word' id='word_1_136' title='bbox 300 2383 386 2455; x_wconf 87' lang='lat' dir='ltr'>erat,</span> <span class='ocrx_word' id='word_1_137' title='bbox 396 2395 502 2466; x_wconf 90' lang='lat' dir='ltr'>quem</span> <span class='ocrx_word' id='word_1_138' title='bbox 514 2371 562 2442; x_wconf 91' lang='lat' dir='ltr'>rei</span> <span class='ocrx_word' id='word_1_139' title='bbox 577 2369 739 2466; x_wconf 84' lang='lat' dir='ltr'>gerendae</span> <span class='ocrx_word' id='word_1_140' title='bbox 753 2370 845 2442; x_wconf 88' lang='lat' dir='ltr'>ratio</span> <span class='ocrx_word' id='word_1_141' title='bbox 856 2371 1066 2466; x_wconf 82' lang='lat' dir='ltr'>postulabat.</span> <span class='ocrx_word' id='word_1_142' title='bbox 1095 2367 1353 2446; x_wconf 79' lang='lat' dir='ltr'>Demosthenis</span> 
     </span>
     <span class='ocr_line' id='line_1_21' title="bbox 299 2467 1352 2566; baseline -0.002 -24"><span class='ocrx_word' id='word_1_143' title='bbox 299 2483 419 2543; x_wconf 75' lang='lat' dir='ltr'>tutem</span> <span class='ocrx_word' id='word_1_144' title='bbox 435 2483 606 2566; x_wconf 86' lang='lat' dir='ltr'>tempore,</span> <span class='ocrx_word' id='word_1_145' title='bbox 626 2469 879 2545; x_wconf 83' lang='lat' dir='ltr'>obsoletasunt</span> <span class='ocrx_word' id='word_1_146' title='bbox 895 2467 1114 2546; x_wconf 82' lang='lat' dir='ltr'>haecomnia.</span> <span class='ocrx_word' id='word_1_147' title='bbox 1140 2468 1352 2566; x_wconf 84' lang='lat' dir='ltr'>Imperator,</span> 
     </span>
     <span class='ocr_line' id='line_1_22' title="bbox 299 2569 1353 2685; baseline -0.001 -43"><span class='ocrx_word' id='word_1_148' title='bbox 299 2569 478 2645; x_wconf 84' lang='lat' dir='ltr'>Factionis</span> <span class='ocrx_word' id='word_1_149' title='bbox 497 2570 713 2669; x_wconf 81' lang='lat' dir='ltr'>praevalentis</span> <span class='ocrx_word' id='word_1_150' title='bbox 729 2574 798 2668; x_wconf 85' lang='lat' dir='ltr'>o&#39;pe</span> <span class='ocrx_word' id='word_1_151' title='bbox 812 2570 958 2656; x_wconf 88' lang='lat' dir='ltr'>electus,</span> <span class='ocrx_word' id='word_1_152' title='bbox 989 2596 1061 2644; x_wconf 86' lang='lat' dir='ltr'>non</span> <span class='ocrx_word' id='word_1_153' title='bbox 1094 2569 1160 2648; x_wconf 85' lang='lat' dir='ltr'>nisi</span> <span class='ocrx_word' id='word_1_154' title='bbox 1185 2595 1231 2643; x_wconf 84' lang='lat' dir='ltr'>ex</span> <span class='ocrx_word' id='word_1_155' title='bbox 1253 2592 1353 2685; x_wconf 85' lang='lat' dir='ltr'>pere-</span> 
     </span>
     <span class='ocr_line' id='line_1_23' title="bbox 299 2669 1387 2770; baseline -0.002 -28"><span class='ocrx_word' id='word_1_156' title='bbox 299 2669 409 2770; x_wconf 83' lang='lat' dir='ltr'>grinis</span> <span class='ocrx_word' id='word_1_157' title='bbox 426 2685 462 2743; x_wconf 93' lang='lat' dir='ltr'>et</span> <span class='ocrx_word' id='word_1_158' title='bbox 475 2670 707 2756; x_wconf 83' lang='lat' dir='ltr'>mercenariis,</span> <span class='ocrx_word' id='word_1_159' title='bbox 735 2670 796 2768; x_wconf 92' lang='lat' dir='ltr'>qui</span> <span class='ocrx_word' id='word_1_160' title='bbox 823 2671 915 2746; x_wconf 76' lang='lat' dir='ltr'>male</span> <span class='ocrx_word' id='word_1_161' title='bbox 933 2671 1138 2755; x_wconf 81' lang='lat' dir='ltr'>serviebant,</span> <span class='ocrx_word' id='word_1_162' title='bbox 1157 2685 1353 2748; x_wconf 77' lang='lat' dir='ltr'>exercitum</span> <span class='ocrx_word' id='word_1_163' title='bbox 1382 2741 1387 2750; x_wconf 69' lang='grc'><strong>,</strong></span> 
     </span>
     <span class='ocr_line' id='line_1_24' title="bbox 299 2770 1356 2871; baseline 0 -24"><span class='ocrx_word' id='word_1_164' title='bbox 299 2771 476 2847; x_wconf 84' lang='lat' dir='ltr'>conflarit.</span> <span class='ocrx_word' id='word_1_165' title='bbox 527 2771 787 2846; x_wconf 84' lang='lat' dir='ltr'>Demosthenes</span> <span class='ocrx_word' id='word_1_166' title='bbox 814 2771 989 2871; x_wconf 73' lang='lat' dir='ltr'>postulat..</span> <span class='ocrx_word' id='word_1_167' title='bbox 1004 2786 1044 2844; x_wconf 92' lang='lat' dir='ltr'>ut</span> <span class='ocrx_word' id='word_1_168' title='bbox 1060 2771 1188 2851; x_wconf 84' lang='lat' dir='ltr'>iterhm</span> <span class='ocrx_word' id='word_1_169' title='bbox 1214 2770 1356 2847; x_wconf 86' lang='lat' dir='ltr'>valeant</span> 
     </span>
     <span class='ocr_line' id='line_1_25' title="bbox 301 2869 1081 2972; baseline -0.009 -24"><span class='ocrx_word' id='word_1_170' title='bbox 301 2873 729 2971; x_wconf 84' lang='lat' dir='ltr'>autiquaeonsuetudoet</span> <span class='ocrx_word' id='word_1_171' title='bbox 746 2872 938 2972; x_wconf 74' lang='lat' dir='ltr'>disciplina.</span> <span class='ocrx_word' id='word_1_172' title='bbox 969 2869 1081 2946; x_wconf 82' lang='lat' dir='ltr'>Idem.</span> 
     </span>
    </p>

    <p class='ocr_par' dir='ltr' id='par_1_3' title="bbox 302 2971 1385 3472">
     <span class='ocr_line' id='line_1_26' title="bbox 352 2971 1352 3077; baseline 0 -33"><span class='ocrx_word' id='word_1_173' title='bbox 352 2973 405 3044; x_wconf 86' lang='lat' dir='ltr'>lb.</span> <span class='ocrx_word' id='word_1_174' title='bbox 425 2974 446 3045; x_wconf 89' lang='lat' dir='ltr'>l.</span> <span class='ocrx_word' id='word_1_175' title='bbox 472 2975 515 3044; x_wconf 78' lang='lat' dir='ltr'>lG</span> <span class='ocrx_word' id='word_1_176' title='bbox 532 2988 569 3046; x_wconf 88' lang='lat' dir='ltr'>et</span> <span class='ocrx_word' id='word_1_177' title='bbox 590 2973 645 3052; x_wconf 87' lang='lat' dir='ltr'>l7.</span> <span class='ocrx_word' id='word_1_178' title='bbox 671 2973 735 3074; x_wconf 78' lang='grc' dir='ltr'>Ἐξ</span> <span class='ocrx_word' id='word_1_179' title='bbox 753 2975 789 3064; x_wconf 70' lang='grc' dir='ltr'>ἧς</span> <span class='ocrx_word' id='word_1_180' title='bbox 804 2972 844 3050; x_wconf 81' lang='lat' dir='ltr'>o&#39;lv</span> <span class='ocrx_word' id='word_1_181' title='bbox 858 3008 940 3062; x_wconf 77' lang='grc' dir='ltr'><em>τινος</em></span> <span class='ocrx_word' id='word_1_182' title='bbox 960 2971 1047 3077; x_wconf 55' lang='lat' dir='ltr'>thur]</span> <span class='ocrx_word' id='word_1_183' title='bbox 1062 2971 1253 3069; x_wconf 57' lang='lat' dir='ltr'>&#39;Cluemqttl</span> <span class='ocrx_word' id='word_1_184' title='bbox 1266 2985 1352 3044; x_wconf 80' lang='lat' dir='ltr'>aettt-</span> 
     </span>
     <span class='ocr_line' id='line_1_27' title="bbox 302 3073 1355 3169; baseline -0.002 -25"><span class='ocrx_word' id='word_1_185' title='bbox 302 3085 374 3144; x_wconf 86' lang='lat' dir='ltr'>tem</span> <span class='ocrx_word' id='word_1_186' title='bbox 391 3073 622 3169; x_wconf 77' lang='lat' dir='ltr'>quadraginta</span> <span class='ocrx_word' id='word_1_187' title='bbox 632 3099 806 3148; x_wconf 86' lang='lat' dir='ltr'>annorum</span> <span class='ocrx_word' id='word_1_188' title='bbox 818 3089 1048 3159; x_wconf 80' lang='lat' dir='ltr'>excesseram,</span> <span class='ocrx_word' id='word_1_189' title='bbox 1061 3074 1239 3148; x_wconf 70' lang='lat' dir='ltr'>internum</span> <span class='ocrx_word' id='word_1_190' title='bbox 1252 3091 1355 3146; x_wconf 85' lang='lat' dir='ltr'>erant</span> 
     </span>
     <span class='ocr_line' id='line_1_28' title="bbox 303 3170 1352 3270; baseline -0.002 -24"><span class='ocrx_word' id='word_1_191' title='bbox 303 3171 477 3246; x_wconf 76' lang='lat' dir='ltr'>brnilitiri.</span> <span class='ocrx_word' id='word_1_192' title='bbox 518 3170 789 3250; x_wconf 65' lang='lat' dir='ltr'>‘Demosthenes</span> <span class='ocrx_word' id='word_1_193' title='bbox 806 3199 930 3250; x_wconf 83' lang='lat' dir='ltr'>eorum</span> <span class='ocrx_word' id='word_1_194' title='bbox 955 3173 1089 3269; x_wconf 83' lang='lat' dir='ltr'>judicio</span> <span class='ocrx_word' id='word_1_195' title='bbox 1112 3173 1287 3270; x_wconf 79' lang='lat' dir='ltr'>relinquit,</span> <span class='ocrx_word' id='word_1_196' title='bbox 1306 3197 1352 3244; x_wconf 87' lang='lat' dir='ltr'>an</span> 
     </span>
     <span class='ocr_line' id='line_1_29' title="bbox 303 3271 1355 3373; baseline 0.003 -30"><span class='ocrx_word' id='word_1_197' title='bbox 303 3273 375 3344; x_wconf 86' lang='lat' dir='ltr'>non</span> <span class='ocrx_word' id='word_1_198' title='bbox 394 3271 649 3352; x_wconf 84' lang='lat' dir='ltr'>Veteranorum</span> <span class='ocrx_word' id='word_1_199' title='bbox 674 3273 853 3372; x_wconf 81' lang='lat' dir='ltr'>privilegia</span> <span class='ocrx_word' id='word_1_200' title='bbox 868 3275 1079 3373; x_wconf 84' lang='lat' dir='ltr'>suspendere</span> <span class='ocrx_word' id='word_1_201' title='bbox 1095 3299 1139 3346; x_wconf 86' lang='lat' dir='ltr'>ex</span> <span class='ocrx_word' id='word_1_202' title='bbox 1156 3299 1193 3351; x_wconf 81' lang='lat' dir='ltr'>te</span> <span class='ocrx_word' id='word_1_203' title='bbox 1215 3273 1293 3359; x_wconf 86' lang='lat' dir='ltr'>erit,</span> <span class='ocrx_word' id='word_1_204' title='bbox 1313 3288 1355 3346; x_wconf 90' lang='lat' dir='ltr'>ut</span> 
     </span>
     <span class='ocr_line' id='line_1_30' title="bbox 302 3371 1385 3472; baseline -0.003 -24"><span class='ocrx_word' id='word_1_205' title='bbox 302 3377 346 3448; x_wconf 80' lang='lat' dir='ltr'>eb</span> <span class='ocrx_word' id='word_1_206' title='bbox 364 3373 477 3472; x_wconf 76' lang='lat' dir='ltr'>magis</span> <span class='ocrx_word' id='word_1_207' title='bbox 490 3373 745 3468; x_wconf 81' lang='lat' dir='ltr'>exercitatiores</span> <span class='ocrx_word' id='word_1_208' title='bbox 762 3376 914 3452; x_wconf 84' lang='lat' dir='ltr'>habeant</span> <span class='ocrx_word' id='word_1_209' title='bbox 932 3375 1072 3454; x_wconf 82' lang='lat' dir='ltr'>milites.</span> <span class='ocrx_word' id='word_1_210' title='bbox 1101 3372 1212 3448; x_wconf 82' lang='lat' dir='ltr'>Idem.</span> <span class='ocrx_word' id='word_1_211' title='bbox 1381 3371 1385 3380; x_wconf 82' lang='lat'>&#39;</span> 
     </span>
    </p>

    <p class='ocr_par' dir='ltr' id='par_1_4' title="bbox 271 3473 1357 4277">
     <span class='ocr_line' id='line_1_31' title="bbox 356 3473 1353 3583; baseline 0.001 -28"><span class='ocrx_word' id='word_1_212' title='bbox 356 3473 410 3546; x_wconf 79' lang='lat' dir='ltr'>lb·</span> <span class='ocrx_word' id='word_1_213' title='bbox 427 3475 449 3547; x_wconf 85' lang='lat' dir='ltr'>l·</span> <span class='ocrx_word' id='word_1_214' title='bbox 469 3475 513 3555; x_wconf 76' lang='lat'>17</span> <span class='ocrx_word' id='word_1_215' title='bbox 522 3490 560 3552; x_wconf 84' lang='lat' dir='ltr'>et</span> <span class='ocrx_word' id='word_1_216' title='bbox 572 3502 644 3575; x_wconf 82' lang='lat' dir='ltr'>seq·</span> <span class='ocrx_word' id='word_1_217' title='bbox 663 3479 770 3561; x_wconf 48' lang='grc' dir='ltr'><strong><em>ΔοκΝ,</em></strong></span> <span class='ocrx_word' id='word_1_218' title='bbox 788 3476 902 3580; x_wconf 58' lang='lat' dir='ltr'>mitur</span> <span class='ocrx_word' id='word_1_219' title='bbox 919 3513 949 3554; x_wconf 84' lang='lat' dir='ltr'>r·</span> <span class='ocrx_word' id='word_1_220' title='bbox 968 3510 1002 3556; x_wconf 69' lang='grc' dir='ltr'>ε.</span> <span class='ocrx_word' id='word_1_221' title='bbox 1018 3512 1057 3580; x_wconf 71' lang='grc' dir='ltr'>μ·</span> <span class='ocrx_word' id='word_1_222' title='bbox 1076 3511 1115 3583; x_wconf 75' lang='grc' dir='ltr'>μ·</span> <span class='ocrx_word' id='word_1_223' title='bbox 1135 3511 1166 3554; x_wconf 81' lang='grc' dir='ltr'>τ·</span> <span class='ocrx_word' id='word_1_224' title='bbox 1184 3511 1219 3556; x_wconf 74' lang='lat' dir='ltr'>cs·</span> <span class='ocrx_word' id='word_1_225' title='bbox 1235 3510 1310 3550; x_wconf 65' lang='grc' dir='ltr'>οιαι</span> <span class='ocrx_word' id='word_1_226' title='bbox 1326 3474 1353 3550; x_wconf 77' lang='lat' dir='ltr'>d·</span> 
     </span>
     <span class='ocr_line' id='line_1_32' title="bbox 303 3510 1354 3672; baseline -0.005 -19"><span class='ocrx_word' id='word_1_227' title='bbox 303 3578 427 3664; x_wconf 67' lang='grc' dir='ltr'><strong><em>καλῶς</em></strong></span> <span class='ocrx_word' id='word_1_228' title='bbox 441 3575 543 3672; x_wconf 75' lang='grc' dir='ltr'>ἔχειν]</span> <span class='ocrx_word' id='word_1_229' title='bbox 569 3577 605 3650; x_wconf 91' lang='grc' dir='ltr'><strong>Α</strong></span> <span class='ocrx_word' id='word_1_230' title='bbox 621 3575 703 3650; x_wconf 80' lang='lat' dir='ltr'>MS.</span> <span class='ocrx_word' id='word_1_231' title='bbox 728 3510 835 3651; x_wconf 50' lang='grc' dir='ltr'><em>[ἴσω.</em></span> <span class='ocrx_word' id='word_1_232' title='bbox 854 3580 984 3654; x_wconf 86' lang='lat' dir='ltr'>absunt</span> <span class='ocrx_word' id='word_1_233' title='bbox 1000 3577 1076 3650; x_wconf 78' lang='lat' dir='ltr'>lnce</span> <span class='ocrx_word' id='word_1_234' title='bbox 1090 3577 1232 3653; x_wconf 84' lang='lat' dir='ltr'>omnia:</span> <span class='ocrx_word' id='word_1_235' title='bbox 1253 3574 1354 3651; x_wconf 88' lang='lat' dir='ltr'>Idem</span> 
     </span>
     <span class='ocr_line' id='line_1_33' title="bbox 304 3676 1084 3771; baseline 0.006 -23"><span class='ocrx_word' id='word_1_236' title='bbox 304 3701 392 3749; x_wconf 81' lang='lat' dir='ltr'>mox</span> <span class='ocrx_word' id='word_1_237' title='bbox 410 3677 514 3748; x_wconf 82' lang='lat' dir='ltr'>habet</span> <span class='ocrx_word' id='word_1_238' title='bbox 529 3676 568 3752; x_wconf 75' lang='grc' dir='ltr'>ἐκ</span> <span class='ocrx_word' id='word_1_239' title='bbox 583 3676 738 3771; x_wconf 68' lang='grc' dir='ltr'>διαδοχῆς</span> <span class='ocrx_word' id='word_1_240' title='bbox 757 3676 929 3768; x_wconf 61' lang='grc' dir='ltr'>ἀλλήλων.</span> <span class='ocrx_word' id='word_1_241' title='bbox 1083 3757 1084 3762; x_wconf 53' lang='grc'>,</span> 
     </span>
     <span class='ocr_line' id='line_1_34' title="bbox 305 3773 1356 3877; baseline 0.008 -31"><span class='ocrx_word' id='word_1_242' title='bbox 305 3837 309 3846; x_wconf 79' lang='grc'>,</span> <span class='ocrx_word' id='word_1_243' title='bbox 352 3777 397 3848; x_wconf 87' lang='grc' dir='ltr'>Ρ.</span> <span class='ocrx_word' id='word_1_244' title='bbox 419 3776 462 3854; x_wconf 84' lang='lat'>17</span> <span class='ocrx_word' id='word_1_245' title='bbox 467 3830 475 3847; x_wconf 86' lang='lat'><strong>·</strong></span> <span class='ocrx_word' id='word_1_246' title='bbox 489 3777 511 3849; x_wconf 92' lang='lat' dir='ltr'>l.</span> <span class='ocrx_word' id='word_1_247' title='bbox 528 3777 563 3848; x_wconf 88' lang='lat'>3.</span> <span class='ocrx_word' id='word_1_248' title='bbox 585 3773 662 3864; x_wconf 58' lang='lat' dir='ltr'><strong><em>ng</em></strong></span> <span class='ocrx_word' id='word_1_249' title='bbox 672 3777 699 3852; x_wconf 80' lang='grc' dir='ltr'>δ’</span> <span class='ocrx_word' id='word_1_250' title='bbox 714 3775 839 3866; x_wconf 58' lang='lat' dir='ltr'>sibber,</span> <span class='ocrx_word' id='word_1_251' title='bbox 851 3775 945 3877; x_wconf 67' lang='grc' dir='ltr'>ξέκδς</span> <span class='ocrx_word' id='word_1_252' title='bbox 955 3779 1032 3856; x_wconf 60' lang='grc' dir='ltr'><em>εἶναι</em></span> <span class='ocrx_word' id='word_1_253' title='bbox 1047 3775 1189 3874; x_wconf 73' lang='grc' dir='ltr'>κελεύω]</span> <span class='ocrx_word' id='word_1_254' title='bbox 1206 3776 1249 3850; x_wconf 89' lang='lat' dir='ltr'>In</span> <span class='ocrx_word' id='word_1_255' title='bbox 1263 3777 1356 3860; x_wconf 83' lang='lat' dir='ltr'>mill·</span> 
     </span>
     <span class='ocr_line' id='line_1_35' title="bbox 304 3876 1356 3978; baseline 0.002 -30"><span class='ocrx_word' id='word_1_256' title='bbox 304 3876 354 3948; x_wconf 79' lang='lat' dir='ltr'>tia</span> <span class='ocrx_word' id='word_1_257' title='bbox 369 3876 581 3952; x_wconf 84' lang='lat' dir='ltr'>Atheniensi</span> <span class='ocrx_word' id='word_1_258' title='bbox 592 3899 715 3950; x_wconf 86' lang='lat' dir='ltr'>omnes</span> <span class='ocrx_word' id='word_1_259' title='bbox 724 3890 823 3952; x_wconf 84' lang='lat' dir='ltr'>extra</span> <span class='ocrx_word' id='word_1_260' title='bbox 832 3876 990 3953; x_wconf 84' lang='lat' dir='ltr'>Atticam</span> <span class='ocrx_word' id='word_1_261' title='bbox 1002 3878 1076 3952; x_wconf 84' lang='lat' dir='ltr'>noti</span> <span class='ocrx_word' id='word_1_262' title='bbox 1087 3904 1151 3976; x_wconf 88' lang='lat' dir='ltr'>pro</span> <span class='ocrx_word' id='word_1_263' title='bbox 1163 3878 1356 3978; x_wconf 82' lang='lat' dir='ltr'>peregrinis</span> 
     </span>
     <span class='ocr_line' id='line_1_36' title="bbox 303 3975 1356 4080; baseline -0.001 -31"><span class='ocrx_word' id='word_1_264' title='bbox 303 3977 535 4080; x_wconf 82' lang='lat' dir='ltr'>habebantur.</span> <span class='ocrx_word' id='word_1_265' title='bbox 561 3975 739 4073; x_wconf 84' lang='lat' dir='ltr'>Peregrini</span> <span class='ocrx_word' id='word_1_266' title='bbox 752 3977 874 4050; x_wconf 88' lang='lat' dir='ltr'>itidem</span> <span class='ocrx_word' id='word_1_267' title='bbox 889 3977 1149 4055; x_wconf 75' lang='lat' dir='ltr'>hMercenariis</span> <span class='ocrx_word' id='word_1_268' title='bbox 1158 3979 1356 4076; x_wconf 78' lang='lat' dir='ltr'>distingue-</span> 
     </span>
     <span class='ocr_line' id='line_1_37' title="bbox 271 4077 1356 4176; baseline 0.001 -28"><span class='ocrx_word' id='word_1_269' title='bbox 271 4127 277 4136; x_wconf 75' lang='lat'><em>,</em></span> <span class='ocrx_word' id='word_1_270' title='bbox 303 4079 450 4159; x_wconf 73' lang='lat' dir='ltr'>bantur:</span> <span class='ocrx_word' id='word_1_271' title='bbox 470 4077 532 4150; x_wconf 95' lang='lat' dir='ltr'>illo</span> <span class='ocrx_word' id='word_1_272' title='bbox 543 4077 688 4150; x_wconf 88' lang='lat' dir='ltr'>nomine</span> <span class='ocrx_word' id='word_1_273' title='bbox 701 4077 726 4148; x_wconf 92' lang='lat' dir='ltr'>ii</span> <span class='ocrx_word' id='word_1_274' title='bbox 740 4079 869 4156; x_wconf 82' lang='lat' dir='ltr'>milites</span> <span class='ocrx_word' id='word_1_275' title='bbox 883 4081 1095 4154; x_wconf 83' lang='lat' dir='ltr'>vocabantur</span> <span class='ocrx_word' id='word_1_276' title='bbox 1105 4081 1226 4176; x_wconf 72' lang='lat' dir='ltr'>quosh</span> <span class='ocrx_word' id='word_1_277' title='bbox 1241 4077 1356 4152; x_wconf 86' lang='lat' dir='ltr'>Sociis</span> 
     </span>
     <span class='ocr_line' id='line_1_38' title="bbox 304 4177 1357 4277; baseline 0.007 -29"><span class='ocrx_word' id='word_1_278' title='bbox 304 4192 469 4254; x_wconf 74' lang='lat' dir='ltr'>nintuuta</span> <span class='ocrx_word' id='word_1_279' title='bbox 485 4177 779 4275; x_wconf 82' lang='lat' dir='ltr'>estRespublica3</span> <span class='ocrx_word' id='word_1_280' title='bbox 798 4180 974 4266; x_wconf 69' lang='lat' dir='ltr'>liberere,-</span> <span class='ocrx_word' id='word_1_281' title='bbox 986 4206 1073 4277; x_wconf 91' lang='lat' dir='ltr'>quos</span> <span class='ocrx_word' id='word_1_282' title='bbox 1094 4181 1253 4252; x_wconf 82' lang='lat' dir='ltr'>mercede</span> <span class='ocrx_word' id='word_1_283' title='bbox 1272 4206 1357 4254; x_wconf 86' lang='lat' dir='ltr'>con·</span> 
     </span>
    </p>
   </div>
   <div class='ocr_carea' id='block_1_3' title="bbox 0 0 1460 5054">
    <p class='ocr_par' dir='ltr' id='par_1_5' title="bbox 0 0 1460 5054">
     <span class='ocr_line' id='line_1_39' title="bbox 0 0 1460 5054; baseline 0 0"><span class='ocrx_word' id='word_1_284' title='bbox 0 0 1460 5054; x_wconf 95' lang='lat' dir='ltr'> </span> 
     </span>
    </p>
   </div>
  </div>
 </body>
</html>
