2896 5054
420 367 422 376 '
547 389 685 487 [νιν]
728 349 740 460 s
807 513 811 522 Ι

482 637 739 722 ιΝονννν
870 581 1016 745 “.s

291 843 349 922 nu
373 785 602 923 cunnum.
619 847 685 921 ur
710 797 938 926 seucum.

538 1071 639 1136 secr.
661 1045 705 1119 ιζ

97 1201 193 1314 Pau.
210 1247 248 1318 2.
269 1245 333 1317 lin.
354 1247 382 1318 l.
435 1247 477 1323 Ei
501 1247 563 1351 plu·
587 1251 659 1351 περὶ
687 1258 786 1326 narrt?
812 1247 895 1336 τινὲς
912 1241 1134 1352 ννρᾷγμνντος]

97 1333 179 1414 Vide
194 1346 382 1418 exordium
401 1348 569 1420 orationis
583 1347 784 1422 AEschineae
795 1363 915 1420 contra
929 1346 1140 1445 Ctesiphon·

97 1451 172 1528 tem,
187 1445 250 1516 uhi
264 1445 392 1518 citatur
405 1445 545 1519 Solonis
564 1450 619 1520 lex
629 1449 671 1520 de
682 1447 865 1545 disciplina
879 1463 1083 1534 oratorum3
1100 1448 1138 1520 in

97 1561 193 1632 quam
210 1570 354 1640 peccare
367 1546 548 1620 videbatur
564 1548 833 1634 Demosthenes,
854 1550 1014 1622 nondum
1034 1573 1137 1646 gran·

98 1637 144 1712 dis
158 1657 241 1716 natu
255 1673 265 1718 ε
283 1660 320 1717 ct
333 1649 560 1741 praeconium,
578 1655 627 1733 τίς
639 1647 963 1746 οἷγορεῦεννβέλεταν
977 1650 1042 1724 τῶν
1058 1647 1138 1751 ὑπὲρ

98 1740 288 1830 πεντήκοντα
307 1743 359 1831 ἔτη
376 1745 579 1843 γεγονόνων;
606 1748 685 1820 Halo
702 1748 808 1844 lgltut·
825 1747 868 1819 de
894 1751 998 1819 causti
1016 1747 1104 1844 prael
1123 1788 1137 1804 ·

99 1849 148 1909 tur
163 1867 213 1928 se,
232 1845 391 1941 quamvis
409 1871 504 1918 nunc
531 1848 902 1946 primussententiam
932 1847 1035 1934 dicat,
1049 1891 1051 1894 -
1064 1872 1137 1940 non

99 1939 244 2030 primum
262 1960 381 2016 tamen
400 1946 523 2030 dicere,
542 1948 637 2045 qubd
653 1971 706 2020 res
724 1972 813 2020 nova
830 1972 900 2018 non
919 1961 1041 2042 agatur
1053 1973 1070 2018 ι.
1090 1947 1137 2018 si·
1226 1950 1236 1962 ⁶

101 2039 233 2138 mulque
249 2057 285 2115 et
307 2045 429 2117 odium
448 2047 651 2143 propulsat,
679 2059 714 2117 et
744 2046 976 2118 attentionem
1008 2059 1135 2143 captat,

100 2137 173 2212 edm
190 2143 363 2240 significet
380 2170 416 2216 se
433 2146 574 2243 aliquid,
589 2147 713 2220 melius
730 2145 876 2230 caeteris,
889 2170 1038 2242 qnorum
1055 2171 1137 2217 con-

100 2235 167 2312 silia
182 2244 431 2340 rempublicam
450 2245 536 2318 nihil
548 2247 714 2342 juverint,
734 2246 771 2318 in
790 2246 947 2318 medium
962 2271 1038 2318 esse
1051 2235 1134 2320 alla'·

101 2349 217 2414 turum.
262 2344 315 2422 Td
331 2345 429 2422 τοίνυν
451 2351 615 2454 προοίμιον
631 2349 672 2452 τῇ
686 2345 757 2452 μὲν,
776 2346 830 2422 δνσὶ
845 2340 1136 2449 πρακαταλῆψεως

102 2443 150 2514 nal
164 2439 330 2550 lracvppd-
343 2451 405 2521 τῶν
427 2445 576 2551 πρᾶτερον
593 2446 756 2534 εἰπόντων,
776 2447 903 2524 {vallada
921 2447 963 2555 τῇ
980 2445 1012 2523 dd
1027 2480 1133 2550 arpocr-

102 2539 224 2631 saraxh,
241 2546 314 2650 μετ’
334 2543 557 2645 ἐπαγγελίας.
603 2545 661 2618 W
654 2547 767 2641 olstttS.
837 2544 945 2648 [V-lde
965 2545 1075 2618 Petit.
1094 2548 1132 2618 in

101 2631 252 2734 baghtt.
264 2642 345 2742 pag.
355 2646 440 2718 200.
457 2645 587 2743 Legem
601 2649 622 2719 ὲ
640 2645 771 2739 Wolfio
788 2647 964 2719 laudatam
974 2645 1130 2721 Doctiss.

108 2731 300 2816 Toto-rellan
324 2748 527 2842 abrogatam
551 2745 659 2818 luisse
687 2747 784 2830 dicit,
811 2745 994 2816 Archonte
1021 2743 1132 2824 Glau·
1202 2737 1206 2766 ¹

103 2835 199 2936 elppa
217 2843 360 2944 Olymp.
379 2867 476 2918 xcrr.
496 2870 576 2917 ann.
597 2845 659 2930 3.;
686 2844 830 2916 rationis
861 2856 995 2915 tamen*
1010 2856 1046 2942 et
1073 2843 1133 2914 de·

104 2940 163 3010 cori
177 2945 380 3017 auctoritate
396 2945 511 3016 adhuc
528 2937 713 3042 viguisse]

144 3037 189 3114 lb.
205 3044 227 3115 l.
243 3047 277 3116 2.
307 3041 498 3149 [lpurllsro]
539 3042 682 3118 Scilicet
698 3045 719 3117 b
735 3042 954 3142 Prytanibus.
997 3042 1029 3117 Ii
1047 3069 1131 3118 con·

103 3134 222 3216 tionem
249 3143 440 3218 advocandi
461 3147 519 3242 jus
543 3145 730 3232 habebant,
755 3170 861 3244 quam
879 3145 946 3218 nisi
973 3146 1015 3218 ad
1042 3171 1130 3244 prae·

103 3239 251 3337 seriptum
289 3244 409 3342 legum
444 3248 705 3331 convochssent,
745 3247 925 3318 solvebant
960 3246 1131 3319 mulctam

104 3337 183 3412 mille
194 3343 450 3430 drachmarum,
466 3358 704 3418 consecratam
714 3344 899 3416 Minervae.
936 3343 1033 3434 Ante
1049 3349 1132 3418 verb

103 3441 191 3530 quam
205 3445 331 3517 concio
348 3457 540 3544 cogeretur,
554 3441 765 3547 πρόγραμμα
783 3467 846 3538 pro
859 3440 1130 3538 Eponymorum

102 3541 207 3612 statuis
223 3545 363 3640 publice
381 3546 631 3642 proponebant,
650 3542 721 3616 sive
731 3540 899 3626 tabulam,
914 3543 984 3637 qud
996 3541 1131 3638 signifi-

102 3639 209 3714 cabant
224 3645 267 3716 de
284 3669 355 3742 qno
372 3645 549 3740 agendum
567 3643 604 3714 in
622 3642 802 3727 concione,
815 3665 954 3738 quoque
967 3640 1035 3728 die,
1045 3641 1129 3737 qud·

101 3759 154 3830 quc
169 3743 235 3815 diei
252 3744 349 3816 houd.
376 3741 572 3817 vinduil.
589 3741 690 3830 Poll,
700 3742 761 3815 lib.
777 3741 850 3814 viii.
865 3765 939 3837 cap.
955 3741 1001 3814 ix.
1017 3741 1078 3812 94.
1095 3752 1132 3812 et

101 3832 296 3916 lbiDoctiss.
319 3841 444 3916 Kudn.
474 3841 655 3916 Demoutln
668 3857 791 3916 contra
801 3840 1128 3936 'lirnocnpagalh

100 3929 251 4014 tunm.
270 3942 353 4016 Car.
368 3943 496 4040 Sigon.
517 3943 572 4015 ll.
585 3943 628 4016 de
646 3943 735 4040 Rep.
749 3941 882 4015 Athen.
897 3942 935 4011 4.
965 3937 1130 4012 Bateno-

99 4047 147 4108 tm
160 4040 195 4114 in
212 4045 381 4140 margine,
401 4045 556 4141 itemque
579 4039 735 4136 Wolflus
757 4042 848 4114 inter
872 4039 1044 4114 variantes
1062 4039 1130 4112 lec·

100 4134 207 4230 ilonea,
225 4143 380 4238 nrpts'nsnu
398 4144 516 4218 habet.
631 4227 634 4234 ‚

597 4261 619 4312 r
