2896 5054
515 407 519 420 .
596 349 667 426 ,169
715 417 718 424 .

495 575 872 722 Norn.'

605 799 647 848 IN

213 937 491 1024 Parnon
523 937 1047 1024 onrnnnrncnn.
1088 895 1092 901 ⁴

111 1114 351 1239 otrannus,
366 1153 527 1227 Thraciae
544 1155 638 1241 urbs,
656 1153 694 1228 in
710 1153 899 1228 Peninsulat
912 1151 1069 1224 Pallenes
1087 1149 1154 1222 sita

111 1267 173 1340 est,
188 1253 277 1326 inter
290 1253 417 1328 Sinum
430 1253 723 1328 Thessalonicum
737 1269 773 1328 et
788 1254 1005 1328 Toroneum.
1032 1249 1153 1322 Plures

110 1354 141 1426 ei
158 1377 239 1426 cum
250 1351 419 1450 Amyntd,
435 1354 587 1453 Phiiippi
601 1370 709 1453 patre,
725 1353 967 1428 contentiones
987 1347 1153 1423 interfue-

111 1467 201 1526 rant.
227 1452 389 1550 Philippo
402 1455 520 1541 etiam,
535 1480 645 1552 quum
658 1456 845 1554 imperium
859 1453 1037 1551 ingressus
1050 1463 1152 1536 esset,

112 1553 298 1626 obstiterat.
319 1552 433 1625 Diod.
453 1554 476 1625 l.
494 1579 550 1626 xv.
573 1551 668 1628 Isoc.
685 1557 720 1628 in
738 1554 885 1628 Archid.
905 1567 941 1625 et
957 1551 1090 1648 Paneg.
1119 1548 1154 1620 Is

112 1667 227 1726 tamen
251 1653 439 1725 iracundiae
465 1677 537 1726 suae
553 1654 656 1727 initio
675 1680 746 1727 non
763 1647 889 1754 paruit,
917 1651 977 1723 sed
994 1649 1155 1723 econtra

112 1751 273 1828 amicitiae
291 1753 429 1825 indiciis
444 1753 599 1827 maxime
612 1753 803 1839 fallacibus,
819 1777 891 1838 eos,
918 1775 1006 1848 quos
1027 1749 1072 1821 ad
1084 1748 1154 1821 cla·
1194 1811 1202 1824 ,

114 1853 191 1928 dem
207 1853 415 1939 destinabat,
441 1855 623 1952 consopire
650 1855 804 1929 studuit:
833 1855 945 1950 edque
969 1847 1153 1922 certiorem

115 1953 176 2026 sibi
192 1953 343 2027 reddidit
359 1952 561 2040 vindictam,
588 1958 659 2053 qud
689 1954 821 2028 tardius
845 1966 951 2050 atque
981 1948 1153 2022 occultius

114 2047 327 2152 procedebat.
378 2052 540 2126 Tandem
557 2052 758 2151 Olynthum
772 2051 955 2126 obsidione
968 2049 1090 2145 cingit,
1100 2051 1154 2124 'at-

115 2179 178 2252 que
193 2155 259 2227 hoc
284 2154 371 2226 iliud
387 2167 441 2228 est
462 2154 556 2251 quod
584 2154 694 2227 tribus
724 2151 945 2252 Olynthiaois
970 2147 1153 2221 materiam

116 2255 272 2352 praebuit.
316 2253 392 2326 Has
408 2278 475 2352 ego
492 2253 616 2326 eodem
631 2254 764 2340 ordine,
783 2278 854 2351 quo
869 2248 1062 2347 Dionysius
1079 2246 1155 2320 Ha·

117 2352 339 2427 iimmasse'us
355 2353 448 2450 Epp.
468 2354 511 2426 ad
524 2351 664 2441 Amm,
683 2355 841 2439 colloco;
858 2351 960 2449 eique
973 2351 1049 2448 ipsa
1066 2347 1159 2422 ratio
1226 2385 1228 2396 ¹

117 2453 327 2552 saffragatur.
378 2452 473 2525 Nam
501 2479 544 2525 ue
567 2453 670 2527 initio
695 2456 770 2550 ejus
787 2451 1022 2549 Olynthium,
1047 2457 1156 2548 quam

118 2579 178 2652 ego
194 2555 342 2653 primam
360 2553 462 2639 facio,
476 2479 608 2627 bretos
618 2553 896 2628 Atheniensibus
909 2552 1019 2623 instat
1032 2550 1076 2622 de
1091 2548 1156 2622 foe·

119 2653 192 2726 dere
208 2655 278 2728 citd
293 2679 375 2727 cum
398 2651 578 2749 Olynthiis
607 2654 787 2738 ineiind03
813 2653 849 2725 in
874 2651 1010 2723 duabus
1035 2662 1156 2724 autem

119 2754 249 2851 reliquis
261 2755 302 2827 id
320 2752 433 2826 ioedus
450 2753 580 2826 initum
598 2754 775 2851 supponit,
792 2752 897 2849 inque
915 2749 949 2820 id
968 2747 1084 2820 solum
1102 2747 1156 2820 iu·

119 2855 254 2940 cambit,
270 2868 313 2928 ut
330 2853 491 2926 ostendat
504 2854 612 2950 quarn
630 2876 770 2925 necesse
783 2850 839 2934 sit,
852 2871 932 2944 quae
946 2871 1044 2918 exeo
1058 2860 1156 2917 tene·
1250 2847 1254 2852 '

118 2956 237 3026 bantur
253 2955 376 3039 iacere,
396 2953 588 3026 utfaciant.
641 2947 903 3049 Consequentia
928 2945 1037 3019 cuivis
1050 2943 1160 3040 tacite

120 3055 253 3150 patebit:
280 3052 500 3129 Tourrellus.
1070 3077 1073 3094 ¹
1161 3045 1164 3054 ¹

546 3297 722 3308 ...«.---·

289 3565 292 3572 ,
490 3464 757 3592 ⁹NOTAE
1065 3583 1069 3599 ι

312 3659 367 3732 ΙΝ
391 3654 610 3732 TEX'I'UM
636 3653 702 3726 ΕΤ
727 3647 961 3726 SCHOLIA.

557 3828 668 3901 Sacc.
687 3827 717 3900 1.

124 3971 220 4082 Pac.
235 4011 295 4082 32.
315 4009 339 4080 l.
360 4009 396 4080 3.
449 4000 592 4106 Φανεροῖν
619 3999 801 4110 γενομένην]
855 3995 979 4070 Caecus
1001 3993 1107 4092 igitur
1125 4005 1160 4066 et

125 4133 236 4192 amens
251 4111 297 4182 sit
313 4123 461 4208 oportet,
480 4105 539 4204 qui
557 4127 634 4176 eam
651 4127 721 4174 non
742 4099 864 4200 cernit.
896 4093 1062 4192 Wolfiue.

628 4199 664 4272 Y
