2902 5044
391 373 769 460 OLYNTHIACAM
791 376 861 451 ΙΙΙ.
1076 373 1150 450 255

144 553 187 627 Ρ.
204 551 254 634 97
257 607 267 626 .
287 551 407 628 Schol.
427 553 454 626 l.'
464 555 526 634 37.
582 558 651 631 Kal
674 549 835 644 ἧδοκὲσα
848 555 893 630 ati
910 548 1002 651 Adys
1020 551 1142 654 anaia]

97 656 142 730 'H
158 652 330 743 amdam,
353 652 545 754 sapientae,
568 667 610 726 ut
635 655 685 726 ira
703 653 828 739 dicam,
847 653 963 737 idest,
991 653 1145 738 tarditas,

98 757 168 850 qai
179 754 348 840 ostendit,
363 754 459 826 lente
470 753 659 852 procedere
683 778 736 825 res
749 751 913 850 Philippi,
937 767 974 824 et
990 752 1146 824 inlirrn‘as

97 854 173 948 ejus
189 878 266 926 esse
278 877 374 952 opes.
416 853 609 949 Dionysius
627 849 664 929 ed
681 849 792 930 horror
810 858 873 948 aad
885 850 1147 956 οἷνκζεξλημὲνον
1192 851 1199 865 ’

97 950 156 1042 τῆς
171 954 319 1052 ἆγωγῆς
334 953 372 1024 in
391 950 542 1025 Isocrate
559 952 791 1048 reprehendit.
825 949 991 1044 Wolfias.

148 1050 192 1124 P.
206 1054 265 1125 98.
284 1053 309 1123 l.
329 1053 342 1124 l
363 1065 483 1148 etseq.
511 1053 611 1137 Ἐκεῖ,
627 1051 689 1139 'cair
701 1051 757 1155 pir
776 1051 941 1138 s’uCondv,
960 1045 1066 1138 edri?
1084 1085 1147 1128 κα·

98 1150 258 1241 rasim
273 1153 339 1230 τῶν
354 1149 542 1245 βασιλέων]
585 1151 642 1223 De
654 1152 721 1223 heic
735 1151 954 1248 expeditione
968 1150 1146 1223 Diodorus
1280 1168 1290 1176 ’

100 1273 144 1321 ne
156 1254 303 1324 verbum
315 1250 470 1348 quidem.
522 1250 687 1323 Justinus
705 1250 897 1324 autem‘lib.
911 1251 982 1323 viii.
999 1276 1029 1322 c.
1043 1252 1079 1322 3.
1094 1275 1146 1322 re·
1241 1278 1245 1286 ·

98 1345 177 1436 lert,
192 1349 408 1448 Philippum,
427 1351 517 1422 circa
535 1364 674 1449 tempus
692 1355 712 1424 a
727 1351 969 1424 Demosthene
985 1351 1149 1446 designa·

97 1461 188 1538 tum,
205 1449 243 1522 in
260 1471 341 1522 eam
363 1449 522 1522 Thraeire
539 1465 685 1546 partem,
704 1477 784 1548 quae
812 1449 1013 1524 Chalcidica
1042 1435 1144 1522 loea-

98 1561 165 1634 tur,
185 1548 380 1646 trajecisse:
408 1549 525 1646 ibique
543 1550 646 1622 solita
662 1574 766 1622 usum
794 1550 947 1645 perfidie,
968 1549 1147 1646 captisque

98 1671 160 1744 per
172 1648 295 1720 dolum
309 1660 346 1720 et
361 1649 484 1720 occisis
504 1648 664 1720 finitimis
681 1648 832 1742 regibus,
851 1648 1048 1719 universam
1066 1671 1146 1745 pro-

98 1745 248 1820 vinciam
264 1747 413 1845 imperio
429 1746 653 1820 Macedoniae
669 1746 846 1843 adjecisse.
884 1745 926 1818 In
944 1747 1013 1819 hoc
1025 1758 1147 1818 autem

98 1843 176 1919 loeo
192 1846 412 1919 librariorum
440 1847 665 1944 negligentia,
697 1873 741 1938 ne
766 1848 864 1944 pejus
889 1846 1017 1931 dicam,
1034 1845 1146 1943 Trogi

99 1957 234 2020 textum
250 1945 467 2032 deformavit,
476 1959 512 2018 et
525 1973 588 2044 pro
606 1945 844 2019 Chalcidicam
856 1947 1038 2019 substituit
1055 1943 1149 2043 Cop-

94 2045 295 2140 padociam.
350 2045 526 2118 Mendum
544 2045 687 2144 quidem
708 2059 945 2141 pervetustum
963 2058 1026 2131 est,
1046 2069 1146 2117 merr-

99 2144 182 2217 dum
200 2159 322 2217 tumen
340 2159 393 2217 est
410 2145 653 2218 nihilominus.
698 2145 921 2231 Ptolemaeus,
943 2143 1081 2228 Strabo,
1110 2158 1150 2218 et'

98 2241 244 2332 Plinius,
251 2246 311 2342 qui
321 2243 510 2316 Thraciam
517 2244 776 2318 accuratissime
787 2246 998 2332 describunt,
1012 2244 1152 2319 nullam*

100 2347 239 2440 pmrshs
253 2343 358 2440 hujus
376 2343 608 2442 Cappadociae
627 2345 845 2443 mentionem
863 2344 1063 2432 faciuntea
1080 2369 1147 2420 neo

102 2443 287 2542 quisquam
302 2468 345 2515 ex
358 2443 460 2516 variis
478 2445 651 2516 historicis
676 2459 780 2545 atque
807 2446 1007 2520 auctoribus
1024 2447 1084 2544 qui
1103 2448 1150 2521 de

99 2538 263 2640 Philippo
285 2543 488 2639 loquuntur.
541 2543 749 2619 Necessario
774 2546 882 2642 igitur
906 2547 1146 2620 emendandus

100 2655 152 2714 est
165 2642 226 2713 bio
244 2642 355 2714 loeus.
392 2641 607 2738 Bon'garsius
628 2642 827 2716 Chalcidem
843 2645 1031 2740 legendnm
1045 2646 1144 2717 vultr

101 2737 213 2814 Faber
243 2755 362 2812 autem
386 2739 625 2813 Chalcidicam
634 2772 652 2834 ,·
697 2742 791 2839 quod
818 2743 862 2814 ad
886 2742 1147 2840 Cappadociam

102 2840 245 2938 pmpihs
262 2841 407 2925 accedit,
422 2842 571 2938 ideoque
586 2839 844 2938 praeferendum
862 2855 926 2913 est.
954 2841 1146 2916 Frontinus

103 2938 217 3025 refert,
247 2938 499 3026 Alexandrum,
518 2944 706 3038 postquam
721 2939 910 3014 Thraciam
939 2942 1144 3039 subegisset,

102 3038 172 3134 ejus
189 3061 292 3134 reges
303 3039 347 3111 ed
359 3040 618 3137 expeditionem
634 3035 829 3114 Asiaticam
841 3065 961 3115 secum
974 3043 1145 3134 eduxisse,

103 3161 146 3209 ne
161 3137 250 3236 quid
267 3137 316 3210 illi
343 3140 487 3212 absente
504 3165 541 3211 se
564 3143 755 3214 turbarent.
808 3140 916 3215 Unde
939 3157 1044 3238 patet,
1063 3144 1146 3236 Phi·

101 3235 236 3336 lippum
264 3249 300 3310 et
324 3236 566 3310 Alexandrum
592 3241 723 3311 multos
751 3240 900 3335 regulos,
921 3241 1145 3326 Macedoniae

101 3335 316 3425 tributarios,
333 3336 369 3408 in
386 3337 538 3410 Thracia
554 3338 788 3410 constituisse.
823 3335 1044 3411 Toarrellas.

150 3434 205 3508 lb.
225 3436 249 3509 l.
265 3437 301 3507 2.
337 3434 535 3535 Ἐκζαλῶν]
579 3435 631 3508 Ut
643 3435 772 3509 Terem
789 3451 825 3507 et
841 3434 1143 3536 Chersobleptem‚

100 3548 141 3607 ut
154 3548 301 3632 apparet
316 3559 359 3606 ex
370 3535 524 3634 Philippi
538 3535 659 3608 literis.
693 3533 861 3630 Wolfias.

150 3634 244 3707 Ibid.
272 3632 494 3733 Kaloesdragl
524 3633 683 3707 Fuerunt
708 3635 815 3708 etiam
845 3635 903 3708 alii
929 3636 1010 3723 duo,
1035 3652 1075 3710 ut
1104 3663 1147 3712 ex

101 3731 338 3806 Aristocrated
363 3733 520 3806 oratione
536 3748 690 3831 apparet,
716 3734 903 3839 Ἀμᾶδακος
920 3741 979 3813 καὶ
1007 3736 1146 3840 Βρησιοῖ·

101 3829 166 3920 lag·
181 3831 310 3930 quibus
328 3857 372 3904 an
390 3835 472 3905 verb
493 3832 570 3904 aliis
592 3857 699 3929 regna
723 3835 952 3920 confirmavit,
971 3860 1038 3933 ego
1055 3837 1145 3910 affir-

102 3953 208 4016 mare,
236 3944 378 4029 propter
405 3931 561 4004 historiae
587 3932 856 4028 ignorationem,
887 3959 960 4006 non
986 3959 1144 4030 possum.

103 4025 225 4104 Sitalci
238 4043 358 4102 tamen
371 4053 520 4160 regnum
538 4031 762 4104 confirmasse
774 4033 918 4106 videtur.
947 4030 1059 4106 Ideni.

153 4128 207 4201 lb.
235 4128 260 4201 l·
279 4129 315 4200 5.
371 4140 448 4218 Τας
465 4128 495 4206 di
525 4129 577 4205 ἔπ’
594 4128 777 4232 Ἰλλυριὲς]
833 4125 1144 4210 Ηοάἱὲθείανοῐιίἱ
