2896 5054
298 353 366 426 tta
618 365 620 370 ’
702 352 860 438 NOTAE
885 353 952 428 IN¹

292 547 398 602 onera
408 527 630 602 sustinerent.
645 527 773 626 Sigon.
789 528 874 601 ibid.
894 527 1066 620 Quamvis
1079 541 1200 602 autem
1211 527 1345 600 immu-
1434 518 1435 540 ²

292 643 405 702 tatum
424 628 527 700 luerit
540 627 752 714 institutum,
781 629 891 700 nihilo
917 642 1036 701 tamen
1064 627 1181 700 minus
1199 627 1344 702 obtinu-

292 742 394 804 erunt
412 731 549 825 semper
568 726 710 800 Solonis
736 727 805 832 arpi
831 729 893 807 τῶν
921 726 1109 806 ἀντιδόσεων
1133 729 1260 825 Leges,
1280 753 1343 808 ,ac-

292 829 527 901 commodatae
546 831 685 904 tanthm
716 830 759 901 ad
788 829 1071 902 distributionem
1102 828 1233 900 civium
1260 841 1345 926 post

291 926 461 1008 Solonem
479 951 544 1000 usu
562 944 750 1026 receptam.
778 927 901 1025 Itaque
914 931 943 999 si
961 929 1074 1025 quise
1091 929 1268 1014 trecentis,
1279 927 1342 1024 qui

288 1027 433 1124 sepositi
450 1043 549 1100 erant
565 1030 610 1102 ad
626 1029 804 1102 obeundas
828 1029 1075 1114 Trierarchias,
1105 1042 1270 1124 sumptus
1288 1042 1342 1100 to-

290 1126 399 1199 lerare
415 1151 485 1201 non
504 1144 631 1226 posset,
660 1129 754 1228 Lege
779 1127 906 1206 licebat
922 1132 964 1200 ed
990 1129 1099 1202 classe
1115 1128 1292 1213 excedere,
1310 1126 1340 1200 si

290 1251 397 1324 quem
415 1253 452 1300 se
468 1228 732 1327 locupletiorem
749 1241 930 1300 vacantem
954 1226 1177 1301 ostendisset.
1231 1226 1340 1320 Quod

292 1327 321 1400 si
335 1326 365 1398 is
378 1329 438 1425 qui
449 1328 707 1426 designabatur,
721 1327 936 1408 seditionem
950 1353 1025 1400 esse
1037 1327 1213 1414 fateretur,
1222 1327 1258 1399 in
1273 1339 1341 1399 tre·

290 1440 411 1500 centos
427 1427 567 1500 alterius
585 1429 663 1500 loco
680 1426 912 1502 referebatur:
938 1428 967 1500 si
979 1441 1143 1524 negaret,
1161 1440 1339 1524 permuta·

289 1528 377 1598 bant
393 1527 482 1600 inter
499 1553 536 1600 se
543 1527 744 1614 [facultates.
764 1525 876 1599 Perit.
896 1529 932 1598 in
950 1525 1118 1625 Leg.Att.
1135 1527 1159 1600 l.
1175 1526 1225 1599 iii.
1245 1523 1340 1600 Con·

290 1624 341 1698 ier
357 1626 568 1725 Argument.
586 1629 630 1702 ad
649 1625 838 1699 Democrit.
851 1642 887 1698 et
900 1625 1012 1701 Isocr.
1029 1624 1146 1700 Oratt.
1159 1630 1234 1728 arpi
1249 1625 1339 1704 oe'var·

289 1723 417 1816 δὸσεως.
460 1728 544 1801 Νοη
563 1728 799 1802 omittendum
818 1741 871 1799 est
888 1729 982 1824 quod
1000 1727 1058 1801 hic
1073 1726 1210 1824 optime
1223 1727 1339 1800 obser·

290 1841 374 1899 vant
396 1826 605 1900 Tourrellns
622 1844 726 1926 atque
749 1825 931 1911 olivetas,
959 1852 1087 1924 nempe
1103 1827 1225 1902 exhinc
1238 1824 1340 1902 Solo·

290 1927 345 2000 nis
362 1928 450 2025 lege,
466 1928 549 2001 licet
566 1928 602 2000 in
620 1954 656 2001 se
673 1929 767 2000 honi
783 1952 824 2002 ac
840 1927 1002 2026 sapienti,
1029 1953 1159 2025 magna
1181 1927 1267 2024 reip.
1286 1927 1339 1998 in·
1431 1971 1439 1976 -κ

290 2028 479 2101 commoda
507 2029 643 2100 evenire
673 2053 787 2125 posse,
812 2029 940 2126 quippe
960 2029 1065 2126 qubd,
1094 2028 1181 2102 ciam
1207 2026 1340 2124 aliquid

289 2128 468 2222 agendum
484 2143 585 2214 esset,
613 2153 687 2200 rem
715 2128 809 2202 male
835 2130 1127 2226 procrastinarent
1157 2126 1215 2202 hae
1246 2127 1340 2225 apud

289 2225 520 2323 Imperatores
538 2228 764 2304 discutienda
780 2232 854 2329 aspi
874 2227 1065 2314 ἀντιδόσεως
1079 2227 1249 2302 actiones.

310 2399 313 2406 Α
339 2327 540 2406 P.23.l.ult.
555 2327 813 2435 ’EpGar‘rervrtig
824 2326 995 2446 prevaricata]
1019 2327 1186 2416 Mirantur
1198 2326 1339 2424 =esbqui

289 2449 333 2496 ex
350 2426 416 2498 alia
433 2427 572 2502 civitate
586 2429 628 2500 ad
642 2427 747 2503 aliam
765 2443 925 2524 emigrat,
941 2453 1005 2500 nec
1023 2441 1062 2500 nt
1079 2427 1283 2527 peregrinus
1297 2427 1339 2502 ad

213 2519 219 2535 '
288 2525 390 2598 breve
417 2540 555 2625 tempus
586 2529 758 2613 adventat,
785 2530 847 2600 sed
875 2529 948 2601 illle
974 2527 1195 2602 domicilium
1220 2528 1339 2603 habet.

288 2622 468 2729 Pendebat
484 2631 565 2703 verb
581 2628 769 2744 quotannis
785 2651 845 2702 ΧΠ
863 2628 1057 2714 drachmas,
1076 2628 1170 2726 quod
1180 2626 1342 2734 parociam

289 2724 479 2800 dicebatur.
506 2727 579 2820 Qui
592 2730 628 2803 td
646 2728 818 2802 tributum
833 2754 905 2802 non
919 2730 1102 2814 solverant,
1115 2729 1337 2806 abduceban-

289 2838 346 2898 tur
372 2828 416 2900 ad
440 2828 501 2917 τὲς
516 2828 690 2920 πωληταῖς,
709 2830 929 2929 convictique
945 2829 1120 2902 venibant.
1151 2826 1337 2926 Harpocr.

289 2925 431 3000 Horum
447 2931 605 3031 μετοίκων
621 2931 681 3002 alii
701 2935 863 3034 μετοίκιον
880 2956 952 3003 non
970 2931 1179 3027 pendebant,
1209 2930 1338 3027 quippe

289 3050 399 3124 quum
417 3030 541 3102 eodem
559 3055 640 3100 cnm
655 3030 786 3104 civibus
806 3043 984 3102 uterentur
992 3031 1082 3126 jure,
1101 3043 1137 3102 et
1162 3031 1339 3120 Ἰσοτελεῖς

289 3125 503 3199 dicebantur.
557 3127 689 3200 Omnia
715 3145 750 3200 et
763 3129 894 3227 privata
911 3142 946 3200 et
963 3129 1103 3226 publiea
1114 3129 1336 3202 administra·

287 3226 374 3299 bant
386 3251 448 3324 per
465 3224 679 3314 Patronem,
704 3254 809 3326 quem
834 3231 877 3301 de
903 3229 1035 3300 civibus
1058 3229 1337 3302 Atheniensibus

289 3323 416 3422 eligere
429 3327 505 3426 lege
513 3329 738 3424 jubebantur.
767 3327 879 3402 Perit.
899 3330 936 3402 in
952 3329 1036 3425 Leg.
1056 3328 1134 3402 Att.
1154 3329 1178 3402 l.
1193 3329 1230 3401 ii.
1258 3327 1339 3402 Vox

291 3425 451 3535 a’pCairsn
467 3429 595 3526 saepihs
607 3430 766 3506 absolute
784 3431 937 3529 positum
956 3430 1151 3504 invenitur:
1172 3428 1338 3520 sicinini,

287 3553 324 3626 p.
340 3529 399 3606 26.
428 3531 506 3606 Oria
522 3527 736 3634 ε’μξησόμέθα
756 3544 796 3602 ut
812 3556 855 3603 ex
871 3529 989 3604 MStis
1002 3529 1281 3602 emendavimus.
1347 3589 1352 3600 .

338 3627 391 3702 lb.
408 3626 526 3702 Schol.
541 3632 563 3702 l.
576 3631 610 3701 3.
624 3664 731 3733 -μον
747 3627 980 3747 παρασκευῆς]
1024 3629 1081 3706 To*
1102 3635 1159 3708 arai
1182 3633 1205 3704 b
1222 3627 1339 3703 Suidd

165 3781 166 3784 ,
288 3728 395 3802 etiam
409 3729 761 3828 praetermittitur,qui
773 3730 850 3804 haec
860 3730 1055 3828 descripsit:
1070 3730 1115 3803 ad
1125 3753 1208 3803 enm
1224 3727 1337 3802 Kast.

290 3827 470 3902 “Rectihs
488 3829 622 3924 legeris
647 3831 729 3934 prid
752 3830 887 3930 εραἹιᾶς
903 3834 963 3907 nai
979 3835 1197 3930 παρᾳσκευῆς
1213 3829 1258 3921 εἷς
1275 3830 1337 3908 aro‘·

290 3927 455 4034 “ruspans
495 3928 587 4002 Mox
603 3927 906 4036 παραπεμπὸμενω
932 3955 976 4002 ex
1002 3929 1119 4004 tuido
1141 3931 1336 4016 emendavi,

289 4029 350 4129 qni
367 4028 520 4104 vicissim
534 4028 603 4102 hbe
616 4055 659 4102 ex
671 4031 749 4106 loco
763 4030 987 4129 corrigendus
997 4045 1061 4105 est.
1086 4029 1232 4106 Etenim
1243 4033 1281 4106 in
1295 4056 1336 4106 eo

287 4129 623 4227 itahaec‘leguntur:
643 4129 859 4221 Ἀποςολοές,
880 4130 1013 4229 (potihs
1026 4130 1335 4228 tege’naosnat)

287 4225 515 4333 dnnnipnivnf,
530 4229 629 4334 δῶρα.
682 4233 756 4311 Kal
769 4231 1065 4338 ἀποστελλόμενος
1076 4229 1164 4336 perol
1176 4233 1338 4338 organicis
