2946 5032
446 379 799 457 .OLYNTH1ACA
825 382 873 456 ΙΙ.
990 442 997 458 .
1120 383 1189 457 301

117 553 237 624 secuti
252 568 399 628 essent.
432 555 542 629 Nunc
555 557 689 641 contre,
704 581 828 628 omnes
842 555 926 656 reip.
943 554 1123 628 facultates
1136 581 1197 653 pe·

117 676 183 724 nes
203 667 306 726 sunt
326 655 562 752 magistratus,
575 679 767 752 eorumque
784 657 927 730 arbitrio
942 670 1198 753 gerunturom·

118 752 202 824 nia:
235 779 313 826 vos
334 756 483 853 populus
499 756 663 841 enervati,
682 769 717 827 et
735 754 893 854 pecunia,
912 756 1027 842 sociis
1046 756 1197 854 spoliati,

119 848 258 925 famuli
288 870 333 927 et
352 855 582 928 additamenti
605 855 716 928 vicem
744 849 931 928 obtinetis:
969 856 1136 944 contenti,
1169 857 1199 928 si

120 951 336 1028 theatrales
353 956 518 1053 pecunias
531 956 630 1028 vobis
643 955 868 1053 impertiant3
895 971 955 1028 aut
967 957 1112 1038 buculas
1130 955 1200 1030 for·

4 1087 5 1130 1
121 1052 377 1143 temiserint3
404 1070 451 1142 et,
468 1055 801 1154 quodestomnium·
814 1057 1101 1151 abjectissimum,
1117 1060 1200 1130 cum

123 1177 168 1222 ea
185 1155 305 1226 vobis
327 1155 466 1240 dantur,
488 1171 600 1229 vestra
617 1181 696 1253 quae
717 1169 823 1241 sunt3
848 1156 997 1253 gratiam
1015 1157 1123 1230 etiam
1141 1157 1201 1230 ha·

124 1251 225 1324 betis
241 1253 359 1351 quasi
376 1253 540 1350 beneficia
553 1255 592 1326 in
603 1280 666 1328 aas
678 1255 920 1353 conferantur.
956 1255 1031 1347 Qui
1043 1262 1125 1331 verd
1142 1282 1203 1330 vos

126 1350 167 1422 in
190 1353 301 1426 lianc
321 1356 444 1427 urbem
466 1370 638 1455 tanquam
657 1380 831 1428 carcerem
850 1356 1030 1448 inclusere,
1056 1357 1100 1429 ad
1121 1357 1203 1430 talia
1278 1433 1283 1439 ,

127 1475 195 1541 vos
215 1454 407 1541 alliciunt·
417 1469 453 1528 et
469 1457 636 1542 cicurant,
657 1448 774 1529 ut'vos
788 1458 833 1528 ad
849 1472 975 1530 nutum
990 1471 1128 1552 paratos
1140 1457 1203 1530 ba·

129 1551 268 1626 beant.
328 1555 456 1652 Neque
471 1561 563 1642 vero,
585 1561 665 1629 med
680 1556 823 1653 quidem
841 1557 1026 1640 sententia,
1047 1557 1121 1628 fieri
1139 1583 1205 1628 un·

119 1675 257 1748 -quam
277 1667 404 1754 potest,
426 1669 466 1728 ut
484 1680 631 1752 magnos
647 1669 683 1726 et
699 1679 886 1752 generosos
903 1655 1041 1728 animos
1063 1671 1206 1730 sumant

134 1751 177 1837 ii,
198 1753 270 1852 qui
284 1754 401 1852 ,parvis
417 1768 454 1827 et
469 1755 595 1829 vilibus
613 1757 715 1828 rebus
729 1768 957 1851 occupantur.
1010 1753 1105 1827 Nam
1120 1780 1205 1852 qua·

138 1850 341 1951 liacunque
356 1854 543 1928 hominum
562 1855 679 1928 studia
695 1854 836 1939 fuerint,
858 1855 985 1927 talibus
1003 1879 1063 1927 eos
1079 1868 1115 1927 et
1131 1855 1207 1928 ani·

141 1953 219 2026 mis
246 1979 324 2026 esse
346 1955 511 2050 praeditos
533 1980 674 2028 necesse
696 1970 760 2028 est.
824 1955 928 2040 Haec,
954 1954 1207 2042 mediusfidius,

138 2051 252 2128 haud
270 2054 432 2142 mirabor,
451 2055 481 2126 si
498 2055 598 2141 mihi,
617 2055 678 2152 qui
694 2055 853 2140 dixerim,
872 2055 951 2152 plus
962 2054 1056 2152 apud
1069 2079 1130 2127 vos
1143 2079 1208 2127 no·

145 2155 305 2241 suerint,
324 2158 431 2252 qudm
450 2155 535 2252 ipsis
555 2156 680 2230 harum
701 2179 817 2228 rerum
834 2154 1058 2230 auctoribus:
1097 2179 1210 2252 neque

149 2253 255 2326 enim
272 2279 410 2352 semper
426 2254 520 2352 apud
537 2280 597 2326 vos
615 2255 781 2329 omnibus
799 2255 963 2328 derebus
984 2253 1092 2328 libere
1112 2255 1210 2354 loqui

149 2351 251 2440 lieet,
270 2354 376 2451 idque
393 2380 460 2451 ego
478 2355 530 2431 ,vel
548 2379 644 2427 nunc
660 2355 800 2428 licuisse
817 2354 937 2429 miror.
999 2355 1001 2368 '

207 2453 260 2527 X.
287 2455 408 2546 Quor>
421 2456 449 2527 si
465 2479 559 2529 nunc
573 2456 709 2540 saltem,
730 2455 886 2528 moribus
900 2455 977 2528 istis
990 2454 1131 2543 relictis,
1146 2456 1213 2530 mi-

155 2552 270 2642 litare,
285 2569 332 2640 et,
346 2569 385 2627 ut
398 2570 510 2628 vestra
522 2555 675 2652 dignitas
688 2557 853 2654 postulat,
874 2582 948 2640 rem
962 2581 1081 2653 gerere
1094 2557 1213 2630 volue-

157 2652 249 2742 ritis,
268 2667 373 2753 atque
388 2655 466 2727 istis
486 2656 688 2728 domesticis
709 2657 835 2752 opibus
855 2656 949 2727 velut
968 2657 1212 2728 instrumentis

158 2755 312 2833 utemini
323 2755 368 2828 ad
379 2767 521 2828 externa
533 2757 626 2827 bona
639 2753 901 2852 comparanda
918 2752 1086 2838 fortassis,
1100 2753 1216 2827 Athe·

161 2857 315 2942 aienses,
339 2852 495 2928 fortassis
516 2853 709 2952 perfectum
729 2854 870 2951 aliquod
897 2867 933 2926 et
957 2877 1129 2950 magnum
1151 2856 1213 2926 bo·

163 2980 253 3028 num
264 2955 541 3053 consequemini,
551 2954 679 3028 talibus
689 2954 822 3028 lucellis
832 2953 1120 3051 repudiatisque
1131 2977 1214 3028 cum

163 3056 262 3146 cibis,
278 3080 366 3154 quos
383 3057 469 3128 dant
484 3054 626 3152 aegrotis
637 3054 776 3142 medici,
791 3053 939 3128 conferri
955 3067 1113 3152 possunt.
1152 3053 1216 3127 Et·

164 3156 260 3228 enim
281 3170 320 3228 ut
331 3155 382 3226 illi
396 3181 509 3254 neque
518 3155 605 3229 vires
619 3171 761 3254 augent,
774 3181 887 3255 neque
899 3155 1009 3229 emori
1021 3154 1219 3252 patiuntur3

166 3257 217 3328 sic
234 3269 270 3330 et
287 3255 364 3342 ista,
384 3281 464 3354 quae
481 3281 541 3328 vos
560 3281 654 3328 nunc
671 3257 859 3353 percipitis,
881 3281 995 3352 neque
1015 3269 1113 3328 tanta
1133 3269 1218 3330 suut

169 3371 209 3430 ut
219 3357 354 3453 justam
371 3357 560 3428 utilitatem
578 3354 732 3451 aliquam
749 3353 913 3438 afferant;
939 3379 1053 3451 neque
1078 3377 1151 3440 vos,
1172 3354 1216 3426 iis

168 3455 350 3554 despectis,
363 3457 408 3528 ad
421 3456 489 3528 alia
501 3456 655 3534 converti
670 3455 861 3552 patiuntur,
880 3453 941 3525 sed
954 3452 1122 3525 alimenta
1134 3465 1218 3526 sunt

168 3561 324 3630 vestrum
349 3556 512 3646 omniurn
535 3555 718 3634 socordiae.
766 3553 872 3626 'lune
899 3577 983 3650 ergo
1005 3551 1220 3650 stipendium

170 3654 418 3752 facerejubes?
438 3655 573 3754 inquiet
585 3655 724 3753 aliquis.
756 3652 870 3728 sane:
891 3651 1220 3751 etevestigioeun·

170 3757 252 3830 dem
273 3781 349 3828 esse
369 3756 529 3829 ordinem
552 3759 725 3842 omnium,
750 3754 996 3840 Athenienses,
1021 3767 1062 3826 ut
1083 3767 1220 3850 partem

171 3856 319 3955 quisque
335 3855 534 3952 reipublicae
554 3871 722 3954 capessat,
746 3879 894 3953 quaeque
911 3878 965 3928 res
981 3854 1113 3929 civitati
1131 3878 1219 3951 opus

171 3956 286 4042 fuerit,
304 3957 341 4028 in
358 3960 400 4028 ed
416 3979 517 4028 suum
534 3980 675 4053 operam
692 3957 833 4028 strenue
856 3966 968 4026 navet.
1019 3953 1119 4026 Licet
1137 3977 1220 4051 age·

172 4082 209 4128 re
226 4055 365 4130 otium?
401 4053 495 4128 Ciam
511 4054 609 4127 domi
620 4079 753 4140 manes,
771 4055 895 4128 melior
910 4069 964 4127 est
977 4068 1039 4126 tua
1051 4052 1220 4141 conditio,

174 4156 268 4256 qudd
282 4157 327 4230 ad
342 4156 478 4229 nullum
492 4169 593 4252 turpe
606 4153 740 4230 facinus
754 4155 871 4252 inopia
884 4169 918 4229 te
931 4153 1120 4252 compellit.
1163 4151 1222 4227 ln·
