2870 5044
188 433 190 438 Ι
262 331 406 420 ,mn
587 326 1019 416 aasunvnmonus,
1040 327 1102 425 sp.

262 547 268 560 x
305 503 382 581 lraee
392 506 528 592 ultima,
547 531 619 589 non
630 509 777 612 neradeiq
794 507 822 584 ἓν
839 507 906 594 τοῖς
919 507 1004 602 siey
1034 505 1143 590 ελίοις·
1159 496 1357 602 incepistis,

303 606 628 704 &autpessinrein
643 608 757 702 Eois]
769 607 966 680 Ferrarius:
1025 615 1180 678 ereetum
1196 596 1356 696 equidem

265 703 267 706 ’
290 702 635 804 frequentirsuisse
651 705 689 779 in
708 705 903 780 Gentilium
920 699 1189 800 cumpluribus,
1208 697 1358 794 indeque

303 799 1077 904 mareinEuangeliistranslatasaeiliquis
1087 799 1217 872 eredat.
1231 797 1354 891 Quam

302 903 433 1002 inepte,
445 931 551 1002 quarn
565 906 777 980 oscitanter!
793 906 925 979 Totam
936 901 1121 1002 periochen
1136 900 1204 982 hle,
1217 910 1257 969 ut
1270 896 1356 968 alibi

302 1005 508 1091 sexcenties,
527 1006 656 1080 misere
674 1005 866 1088 intervertit
882 1020 918 1077 et
943 1000 1136 1097 corrumpit
1161 996 1352 1070 Ferrarius.

302 1102 357 1175 Ita
373 1105 502 1201 potius,
522 1105 559 1177 ni
571 1104 681 1193 fallor,
697 1106 820 1203 refingi
833 1103 970 1178 debuit}
991 1100 1045 1172 Et
1061 1097 1205 1172 subesse
1215 1095 1355 1194 quidem

308 1199 443 1276 Grecis
452 1204 711 1302 enenquaribus
723 1205 869 1279 mendas
881 1198 1117 1301 sepenumerb
1134 1197 1228 1271 eirea
1241 1193 1367 1300 uomi-¹

299 1327 360 1390 ua,
370 1301 494 1377 mindi
503 1305 609 1377 eliam
614 1302 767 1403 probari
773 1304 926 1402 cuipiam
931 1299 1060 1399 possit.
1078 1296 1126 1369 Iu
1135 1291 1353 1392 Euangeliis

301 1401 518 1502 dispensatio
536 1403 600 1476 illa
616 1404 709 1478 drea
715 1429 848 1502 pomos
860 1403 882 1477 ὰ
895 1399 1072 1476 demoniis
1093 1395 1111 1470 i
1127 1421 1216 1494 rupe
1224 1392 1352 1492 proei-

261 1531 266 1537 ·
292 1501 521 1602 pirmenius.
536 1503 594 1578 Ad
606 1529 679 1579 rem
694 1506 887 1578 redeamus.
905 1500 1079 1574 Eusebius
1092 1498 1199 1587 Dem.
1214 1494 1352 1590 Erang.

298 1601 378 1675 Lib.
392 1604 464 1678 viil.
497 1602 598 1700 Ὅθεν
610 1605 669 1684 uni
685 1641 736 1684 rra
755 1605 783 1679 ai
798 1605 866 1693 τοῖς
882 1599 1049 1704 inchleo
1073 1615 1351 1678 ’aurlrrs‘rorx

300 1703 362 1794 ,τῶν
378 1702 635 1812 Ἑέδομήκοντα.
667 1639 769 1780 Unde
785 1718 819 1776 et
835 1703 873 1775 in
890 1698 1151 1798 cumpluribus
1161 1695 1269 1771 LXX
1285 1693 1351 1768 In·

298 1815 491 1902 rupertum
524 1803 830 1882 emendatissimis.
876 1800 1036 1876 Socrates
1058 1799 1155 1872 Hist.
1185 1797 1263 1870 Lib.
1289 1796 1348 1868 vii.

299 1899 456 2000 Cap.32.
483 1905 617 1982 Αὐτίκα
629 1905 695 2005 ptis
708 1900 864 2005 ἠγνόησεν
878 1897 1078 2004 [Nesidem]
1091 1896 1141 1978 ὅτι
1156 1897 1235 2004 irrqi
1248 1899 1351 1974 nnio·

297 2003 380 2110 λιιιῇ
400 2003 533 2083 'Iolen
551 2003 725 2110 yiyanrro
750 2001 779 2084 ir
797 2005 864 2093 τοῖς
881 2001 1049 2092 παλαιοῖς(
1060 2017 1347 2083 ἈΝΤΙΓΡΑ’ΦΟΙΣ,

296 2102 361 2176 &a
414 2102 597 2178 Valesius:
626 2103 790 2184 Primum
803 2103 922 2203 itaque
935 2100 1116 2200 ignorauit
1128 2099 1346 2196 [Nestorius]

295 2201 333 2274 in
360 2201 540 2278 Catholied
561 2203 724 2278 Joannis
747 2203 919 2302 Epistold
943 2203 995 2276 ita
1011 2201 1183 2300 seriptum
1209 2223 1285 2272 esse
1308 2198 1347 2270 in

295 2301 453 2400 antiquis
482 2302 750 2401 enemplaribus,
783 2305 848 2376 &a
901 2302 1119 2400 Epiphanius
1151 2299 1344 2386 Ancorato,

295 2397 383 2498 Cap.
404 2403 464 2476 3l.
516 2402 639 2480 ’Arra
655 2408 727 2492 nal,
744 2401 900 2487 ἔκλαυσε,
920 2403 1024 2479 κεῖται
1041 2397 1069 2476 ἔν
1088 2403 1135 2507 τῷ
1162 2400 1256 2477 aurai
1272 2411 1345 2474 Ae·
1379 2401 1382 2408 ’

294 2501 359 2578 nois
375 2503 581 2612 Εὗαγγελίῳ
598 2503 626 2579 ἓν
643 2505 709 2592 τοῖς
733 2502 934 2604 diripimur
958 2522 1240 2590 ’ANTIPPnfefflz-
1280 2499 1345 2572 Pe·
1423 2591 1424 2596 γ

294 2600 427 2674 lavim:
458 2601 533 2674 Sed
545 2618 590 2689 et,
613 2602 785 2702 ploravit,
811 2617 852 2676 ut
868 2601 906 2674 in
923 2601 1120 2700 Evangelii
1147 2600 1258 2674 Luem
1282 2625 1343 2670 eu·

220 2773 222 2780 ,
293 2699 509 2800 emplaribus
533 2728 604 2774 non
630 2701 795 2794 correctis
819 2700 988 2800 legitur„
1018 2701 1116 2798 (Seio
1133 2701 1275 2798 quidem
1293 2699 1344 2769 vi-

293 2825 384 2889 rum,
404 2801 540 2900 optime
559 2806 601 2876 de
618 2801 820 2876 Christiano
837 2818 873 2875 et
889 2803 1039 2876 literaria
1057 2804 1140 2875 orbe
1158 2801 1340 2882 meritum,

291 2899 470 2990 loannem
488 2903 658 2989 Milliurn,
677 2903 779 2976 aliter
801 2904 879 2976 lraes
897 2905 999 2976 verba
1015 2901 1205 2998 Epiphanii
1232 2914 1268 2970 et
1285 2899 1340 2970 in-

292 3002 509 3097 terpunxisse
537 3017 572 3074 et
589 3003 799 3074 intellexisse
824 3002 860 3072 in
879 2999 1141 3096 Prolegomenis
1165 2998 1207 3078 ad
1226 2996 1275 3068 N.
1291 2992 1340 3070 T.

292 3123 328 3170 n.
347 3098 435 3178 798.
464 3099 598 3172 Verlrm
610 3101 697 3182 mihi
712 3101 828 3173 locum
847 3100 941 3172 hunc
958 3100 1017 3171 diu
1032 3095 1255 3194 multumque
1267 3123 1341 3169 ver-

291 3198 657 3297 santietexpendenti,
670 3200 880 3296 aliudlonge
893 3199 1015 3280 suadet
1028 3200 1213 3271 contextus
1226 3197 1338 3293 ipsios

291 3298 408 3386 series,
427 3313 688 3397 argumentum,
708 3315 743 3372 et
760 3301 908 3394 scopus,'
927 3299 1017 3371 sicut
1044 3297 1225 3370 ostendere
1243 3297 1336 3370 haud

289 3397 481 3472 admodum
495 3399 701 3498 refugerem,
717 3400 746 3472 si
756 3413 847 3472 esset
859 3400 964 3495 hujus
978 3399 1058 3471 loci.
1079 3397 1168 3470 Illud
1184 3399 1264 3469 vero
1277 3393 1333 3468 Cl.

290 3499 362 3573 viro
373 3499 538 3575 facillime
549 3515 584 3574 et
597 3500 1014 3585 libentissinreassentior,
1033 3517 1144 3592 errare
1155 3511 1230 3570 toto
1243 3495 1334 3591 coelo

290 3597 469 3686 Grotium,
493 3601 577 3672 clun
602 3602 668 3674 ista
684 3627 763 3698 quae
781 3602 816 3672 in
836 3601 903 3672 hoc
920 3599 1031 3696 sapite
1049 3599 1091 3668 de
1117 3595 1334 3670 Orthodoxis

288 3700 392 3795 refert
400 3699 632 3795 Epiphanius,
647 3700 682 3770 in
699 3699 867 3771 Praesides
884 3696 1134 3772 ecclesiasticos
1148 3694 1334 3793 rejicienda

287 3825 362 3871 esse
371 3796 572 3896 judiearet.)
599 3797 782 3888 Philoxeni
801 3795 938 3870 Glossae
955 3794 1171 3869 Lat-Graea.
1201 3793 1334 3876 Enem-

279 3900 379 3996 plar‚
398 3898 608 3998 ἀντίγραφον.
637 3895 863 3970 Gr·aeso·Lat.
909 3897 1140 4000 Ἀντίγραφον,
1160 3893 1331 3992 Resaqip·

286 4014 371 4085 tum,
391 3995 617 4096 Euemplum,
636 3995 847 4094 Eueuquar.
891 3996 945 4068 Ita
963 3997 1057 4068 enirn
1073 3996 1202 4092 passim
1222 3991 1333 4078 Scho-

284 4098 394 4171 liastae
408 4096 633 4170 vetustissimi
650 4097 686 4167 in
712 4097 905 4178 Pindarum
921 4110 956 4168 et
981 4095 1212 4194 Apollonium
1230 4093 1330 4187 ero·
